3570 5932
387 399 636 460 onlnem
660 400 694 460 Τ.

154 551 190 587 ιιι
204 531 281 611 Μοῖρ’
291 529 353 601 ὀλοὴ
363 528 489 608 καθελησι
498 528 653 608 τανηλεγέος
662 530 790 591 θανάτοιο·

204 616 280 696 μήτις
289 640 333 694 μοι
342 615 411 675 κατὰ
420 618 501 694 δῆμον
512 617 667 696 Ἀχαιϊάδων
677 619 822 699 νεμεσήσῃ,

204 703 233 763 αί
241 728 286 764 κεν
295 704 357 787 άτερ
365 704 470 787 σπείρου
480 710 559 778 κῆται
568 705 654 765 πολλὰ
664 707 828 774 κτεατίσσας.

202 791 252 860 Ὦς
261 793 372 876 ἐράμην·
382 802 463 852 τοῖσιν
473 795 495 852 δ’
507 795 655 854 ἐπεπείθετο
667 796 745 873 θυμὸς
756 795 868 878 ἀγήνωρ.

202 877 287 942 Ἔνθα
297 881 342 940 καί
351 880 451 959 ἠματίη
462 880 508 959 μίν
519 882 672 962 ὑφαίνεσκον
682 882 764 962 μέγαν
773 882 855 956 ἰστὸν,

152 991 190 1030 mo
202 967 296 1037 νύκτας
306 969 328 1028 δ’
338 969 490 1042 ἀλλύεσκον,
501 969 566 1042 ἐπήν
576 968 666 1038 δαίδας
673 971 848 1053 παραθείμην.

201 1056 251 1125 Ὠς
259 1057 356 1139 τρίετες
365 1056 412 1136 μίν
422 1056 514 1129 ἔληθον
524 1057 576 1137 ἐγὼ
585 1059 631 1117 καί
640 1058 740 1118 ἔπειθον
751 1057 877 1139 Ἀχαιούς·

202 1147 259 1204 ἀλλ’
269 1144 311 1204 ὅτε
320 1145 441 1228 τέτρατον
451 1138 527 1218 ήλθεν
538 1146 606 1218 ἐτος,
616 1147 661 1205 καλ
671 1148 798 1219 ἐπήλυθον
805 1139 886 1229 ὧραι,

201 1236 302 1314 [μηνῶν
312 1233 458 1317 ρθινόντων,
468 1235 527 1317 περί
538 1235 560 1293 δ’
569 1236 661 1312 ήματα
669 1235 745 1295 πολλ’
754 1235 873 1309 ἐτελέσθη
880 1232 900 1318 ,]

201 1321 246 1380 καί
256 1321 314 1381 τότε
324 1321 356 1393 δή
366 1346 413 1400 με,
422 1320 465 1380 δεδι
475 1320 576 1399 δμωθς,
586 1319 664 1389 κύνας
673 1325 720 1382 οὐκ
729 1322 886 1402 ἀλεγούσας,

151 1431 187 1468 ιω
201 1401 268 1468 εἷλον
277 1409 424 1476 ἐπελθόντες
434 1409 479 1468 καί
489 1408 639 1487 ὁμόκλησαν
650 1409 775 1469 ἐπέεσσιν.
857 1412 923 1490 [κης.

199 1496 249 1564 Ὣς
258 1497 288 1556 τό
300 1496 346 1575 μέν
360 1497 523 1570 ἐξετέλεσσα,
532 1497 577 1555 καλ
587 1500 634 1556 οὐκ
647 1496 768 1569 liband,
780 1500 824 1556 ὑπ’
841 1499 924 1578 ἀνάγ-

200 1589 255 1647 Νῦν
265 1586 287 1644 δ’
297 1583 350 1644 οὔτ’
360 1583 492 1665 ἐκρυγίειν
502 1581 615 1661 δύναμαι
624 1583 708 1663 γάμον
716 1583 745 1642 ού
752 1609 780 1642 τε
787 1585 834 1644 τιν’
843 1585 925 1658 ἀλλην

198 1677 277 1750 μῆτιν
288 1672 323 1732 ἔθ’
333 1672 452 1753 εὑρίσκω·
463 1670 536 1748 μάλα
547 1673 569 1728 δ’
579 1669 712 1752 ἀτρύνσυσι
722 1677 814 1744 τοκῆες

198 1760 322 1839 γήμασθ’·
334 1763 387 1840 αἰσχ
388 1759 457 1841 αλάμ
468 1760 495 1817 δέ
504 1758 566 1825 πάϊς
574 1760 661 1902 {ieron
670 1759 839 1833 κατεδόντων,

149 1866 185 1906 roo
197 1847 357 1926 γιγνώσκων·
367 1847 417 1919 ήδη
427 1843 477 1927 γάρ
487 1843 553 1926 ἀνὴρ
563 1868 577 1904 ο
588 1844 651 1912 όςτε
663 1846 777 1923 μάλιστα

199 1936 270 1994 οίκου
280 1935 418 2006 κήδεσθαι,
429 1937 494 2014 τῷτε
505 1932 570 1999 Ζεὺς
579 1934 655 2000 κῦδος
664 1933 763 2004 ὀπάζει.

198 2023 277 2083 iiiii
286 2023 331 2081 καί
342 2021 376 2088 ῶς
386 2045 430 2098 μοι
440 2020 496 2079 εἰπὲ
507 2020 565 2079 τεὸν
575 2019 659 2099 γένος,
670 2022 782 2081 ὁππόθεν
792 2024 858 2082 ἐσσί·

197 2115 226 2172 ού
235 2110 286 2194 γὰρ
295 2110 348 2169 ἀπό
358 2107 431 2191 δρυός
440 2112 495 2168 ἐσσι
504 2107 671 2190 παλαιφάτου
681 2111 734 2169 οὐδ’
745 2111 796 2169 ἀπὸ
805 2109 910 2192 πέτρης.

236 2198 295 2270 Τήν
304 2200 326 2257 δ’
336 2195 545 2274 ἀπαμειόόμενος
551 2195 664 2278 προςέρη
673 2195 818 2276 πολύμητις
829 2199 923 2260 Ὀδυσ·

146 2308 183 2346 iss
196 2277 302 2366 ῶγύναι
311 2285 395 2357 αἰδοίη
406 2284 573 2366 Λαερτιάδεω
583 2285 724 2358 Ὀδυσῆος,
843 2287 921 2367 [σούς

196 2374 279 2434 οὐκέτ’
290 2373 443 2445 ἀπολλήξεις
452 2372 496 2431 τδν
506 2371 568 2450 έμδν
578 2370 652 2450 γόνον
662 2372 813 2453 ἐξερέουσα,

197 2464 254 2524 ἀλλ’
264 2463 294 2523 ἔκ
302 2486 342 2523 τοι
350 2463 423 2543 ἐρέω·
433 2453 450 2533 ή
462 2459 509 2539 μέν
519 2460 546 2538 μ’
558 2459 665 2539 ἀχέεσσί
674 2485 704 2540 γε
714 2461 803 2530 δῶσεις

195 2549 335 2621 πλείοσινή
346 2549 448 2628 ἔχομαι·
459 2554 476 2620 ἡ
486 2546 536 2628 γάρ
547 2547 623 2622 δι’κη,
633 2546 731 2608 ὁππότε
741 2550 841 2634 πάτρης

194 2633 225 2713 ής
235 2638 344 2718 ἀπέῃσιν
354 2635 420 2717 ἀνήρ
428 2635 520 2695 τόσσον
528 2633 629 2716 χρόνον,
638 2634 715 2695 δσσον
726 2635 777 2716 ἐγὼ
786 2643 840 2709 νῦν,

143 2747 181 2786 itu
193 2726 278 2787 πολλὰ
292 2730 390 2807 βροτῶν
399 2723 442 2783 ἐπὶ
452 2722 522 2781 ἄστε’
534 2720 680 2800 ἀλώμενος,
690 2722 773 2802 άλγεα
782 2723 904 2804 πάσχων·

193 2813 315 2874 ἀλλὰκαὶ
327 2812 361 2880 ῶς
371 2812 448 2893 ἐρέω,
458 2807 475 2868 ό
482 2809 510 2886 μ’
519 2808 633 2889 ἀνείρεαι
643 2808 689 2880 ἠδέ
698 2813 838 2893 μεταλλᾷς.

233 2903 326 2984 Κρήτη
335 2925 373 2967 τις
381 2899 434 2978 γαῖ’
444 2898 513 2968 ἐστί,
524 2896 597 2978 μέσῳ
607 2896 643 2955 ἐνί
653 2896 736 2956 οίνοπι
745 2898 848 2981 πόντῳ,

192 2990 261 3062 καλὴ
272 2989 318 3048 καὶ
326 2989 432 3069 πίειρα,
444 2985 604 3067 περίρρυτος·
615 2987 641 3042 ἐν
652 2985 674 3042 δ’
684 2985 815 3067 ἄνθρωποι

192 3077 298 3149 πολλοὶ,
307 3074 464 3155 ἀπειρέσιοι,
473 3072 519 3130 καί
529 3071 668 3142 ἐννήκοντα
678 3071 818 3145 πόληες-

140 3187 177 3226 Πο
192 3167 260 3236 άλλη
271 3165 293 3222 δ’
304 3164 389 3222 ἀλλων
399 3165 506 3240 γλῶσσα
518 3159 675 3240 μεμιγμένη·
687 3164 713 3219 ἐν
724 3159 771 3239 μὲν
783 3163 896 3243 Ἀχαιοί,

191 3257 217 3311 ἐν
230 3252 252 3309 δ’
264 3249 432 3330 Ἐτεόκρητες
443 3247 630 3327 μεγαλήτορες,
641 3251 667 3306 ἐν
681 3246 707 3306 δέ
720 3249 853 3324 Κύδωνες,

190 3337 300 3420 Δωριέες
309 3361 336 3394 τε
346 3336 478 3417 τριχάϊκες
488 3335 537 3391 δῖοί
545 3359 574 3392 τε
586 3337 719 3412 Πελασγοί
725 3373 764 3381 -

190 3431 250 3496 τῇσι
259 3424 281 3483 δ’
292 3424 329 3482 ἐνὶ
340 3422 459 3493 Κνωσός,
471 3422 574 3498 μεγάλη
584 3422 667 3488 πόλις·
678 3422 738 3479 ἔνθα
748 3447 776 3481 τε
787 3425 876 3494 Μίνως

188 3494 306 3593 ἐννέωρος
318 3511 438 3590 βασίλευε
449 3510 508 3576 Διὸς
518 3510 632 3588 μεγάλου
643 3510 765 3590 ὀαριστής
776 3557 783 3582 ,

138 3625 175 3661 ulo
189 3601 285 3682 πατρὸς
295 3603 367 3677 ἐμοῖο
376 3597 474 3678 πατήρ,
485 3597 636 3675 μεγαθύμου
646 3598 831 3666 Δευκαλίωνος.

188 3687 337 3749 Δευκαλίων
347 3687 369 3745 δ’
380 3685 426 3763 ἐμὲ
435 3685 506 3743 τίκτε
516 3685 560 3742 καί
571 3686 707 3763 Ἰδομενῆα
719 3687 828 3745 ἀνακτα·

189 3777 245 3835 ἀλλ’
256 3773 323 3853 δμέν
334 3778 360 3834 ἐν
369 3774 459 3844 νήεσσι
468 3773 603 3855 κορωνίσιν
613 3772 693 3833 Ἴλιον
706 3775 768 3833 εἴσω

188 3863 264 3945 ᾤχεθ’
274 3862 320 3940 ἅμ’
330 3861 497 3942 Ἀτρείδῃσιν·
513 3860 572 3937 ἐμοί
582 3863 603 3919 δ’
615 3861 696 3939 ὄνομα
712 3862 805 3920 κλυτόν
815 3865 912 3941 Αἴθων,

187 3950 323 4030 ὁπλότερος
333 3954 415 4028 γενεῇ·
427 3953 440 4005 δ
451 3950 471 4005 δ’
484 3950 534 4029 ἄρα
545 3948 668 4028 πρότερος
678 3950 723 4007 καί
734 3952 836 4030 ἀρείων.

137 4061 173 4097 185
187 4037 261 4099 Ἔνθ’
275 4040 393 4108 Ὀδυσῆα
403 4035 468 4112 ἐγὼν
480 4036 571 4111 ἰδόμην
582 4037 627 4093 καί
639 4036 718 4103 ξείνια
729 4039 808 4097 δῶκα.

187 4126 241 4186 Καὶ
251 4126 301 4206 γδιρ
311 4126 353 4183 τὸν
364 4124 500 4204 Κρήτηνδε
511 4124 658 4201 κατήγαγεν
666 4123 691 4190 ἲς
701 4124 820 4201 ἀνέμοιο,

185 4214 285 4291 ίέμενον
296 4213 436 4292 Τροίηνδε,
446 4209 658 4289 παραπλάγξασα
670 4212 803 4271 Μαλειῶν·

186 4307 265 4372 στῆσε
275 4301 297 4358 δ’
308 4303 334 4357 ἐν
345 4301 471 4378 Ἀμνισῷ,
481 4296 519 4354 dur
531 4320 559 4354 τε
570 4298 647 4363 σπέος
658 4301 819 4373 Εἰλειθυίης,

185 4393 210 4446 ἐν
221 4387 321 4464 λιμέσιν
331 4389 477 4467 χαλεποῖσι·
489 4382 563 4461 μόγις
574 4385 594 4440 δ’
606 4385 734 4453 ὑπάλυξεν
746 4386 848 4454 ἀελλας.

135 4496 171 4533 ruo
187 4476 285 4534 Αὐτίκα
297 4475 318 4531 δ’
329 4476 464 4550 Ἰδομενῆα
475 4471 606 4548 μετάλλα,
618 4471 705 4530 ἄστυδ’
717 4474 837 4532 ἀνελθών·

185 4564 263 4630 ξεῖνον
272 4561 323 4642 γάρ
334 4566 356 4618 οί
367 4560 463 4641 ἔρασκε
475 4558 547 4640 ρίλον
558 4560 580 4618 τ’
592 4559 661 4636 ἔμεν’
672 4562 768 4620 αἰδοῖόν
779 4586 816 4620 τε.

184 4654 232 4728 Τῷ
242 4650 262 4706 δ’
274 4650 323 4719 ἤδη
335 4649 430 4719 δεκάτη
441 4647 457 4718 ἢ
468 4648 591 4720 ἑνδεκάτη
602 4647 679 4706 πελεν
688 4647 741 4719 ἠὼς

185 4736 312 4816 οἰχομένῳ
324 4736 369 4794 σδν
378 4736 453 4808 νηυσί
464 4736 597 4817 κορωνίσιν
607 4732 687 4795 Ἰλιον
698 4738 767 4795 εἴσω.

183 4830 236 4884 Τὸν
248 4822 294 4901 μὲν
305 4823 355 4901 ἐγὼ
366 4825 428 4905 προς
438 4824 537 4900 δώματ’
548 4825 617 4901 ἀγων
630 4817 658 4882 εύ
669 4825 810 4897 ἐξείνισσα,

134 4931 169 4966 run
184 4913 306 4975 ἐνδυκέως
317 4910 418 4991 ριλέων,
429 4915 531 4969 πολλῶν
541 4911 609 4969 κατά
620 4903 688 4969 οἰκον
700 4912 800 4971 ἐ’όντων·

182 4996 227 5052 καὶ
238 4987 264 5053 οἶ
273 5006 325 5062 τοῖς
334 4997 355 5054 τ’
367 4996 452 5063 ἄλλοις
463 4998 574 5078 ἑτάροις,
585 4999 609 5056 οἳ
620 4999 664 5075 ἀμ’
676 5002 746 5079 αὐτῷ
757 4999 860 5075 ἕποντο,

106 5079 107 5082 ’
184 5083 293 5160 δημόθεν
304 5084 399 5164 άλριτα
411 5087 481 5142 δῶκα
492 5087 536 5144 καί
549 5087 643 5144 αἴθοπα
654 5078 720 5144 οἰνον
730 5088 834 5169 ἀγείρας

183 5172 228 5231 καί
239 5178 299 5251 βοῦς
308 5172 466 5252 ἱρεύσασθαι·
477 5173 519 5231 ἰ’να
529 5175 678 5245 πλησαίατο
690 5176 777 5253 θυμόν.

153 411 208 459 ⁴72

1197 403 1406 470 ODYSSEAE
1429 411 1522 474 xlx.

972 531 1047 583 latum
1056 535 1215 597 perniciosam
1224 538 1364 602 corripuerit
1372 539 1609 604 longumsterneniis
1617 547 1715 597 mortu:

970 635 1058 685 nequa
1068 624 1125 672 mihi
1135 625 1160 673 lu
1168 624 1256 688 populo
1266 626 1408 678 domnorum
1418 637 1574 694 succenseat,

971 709 992 757 si
1001 709 1052 759 sine
1061 713 1204 762 vestimento
1211 713 1303 776 jaceat,
1312 715 1388 764 multa
1396 717 1565 780 quipossedit.

971 797 1011 847 Sic
1019 796 1068 846 dixi
1079 814 1085 847 :
1096 799 1143 848 illis
1152 805 1232 850 autem
1241 808 1418 864 persussnsest
1426 806 1524 856 animus
1532 819 1675 869 generosus.

969 888 1037 935 Tunc
1046 885 1148 936 interdiu
1157 887 1254 951 quidem
1264 890 1373 939 texebam
1382 904 1491 955 magnam
1501 894 1589 957 telam,

969 978 1041 1023 noctu
1050 986 1107 1024 vero
1116 975 1288 1038 dissolvebam,
1301 983 1429 1042 postquam
1439 981 1504 1032 iaces
1512 983 1743 1047 miniapposneran

969 1061 1008 1112 Sic
1017 1062 1145 1112 triennium
1151 1063 1249 1128 quidem
1255 1065 1357 1115 latebam
1367 1080 1411 1129 ego
1419 1072 1444 1118 et
1452 1070 1632 1132 persuadebam
1641 1073 1743 1124 Achivis:

969 1149 1094 1213 sedquum
1102 1157 1203 1214 quartus
1211 1153 1277 1202 venit
1285 1167 1376 1216 annus,
1386 1160 1411 1205 et
1419 1155 1567 1208 advenerunt
1577 1160 1662 1221 hore,

968 1236 1100 1302 [mensibus
1109 1241 1264 1302 exeuntibus,
1273 1255 1301 1290 ae
1309 1242 1361 1291 dies
1370 1243 1439 1293 multi
1449 1245 1661 1297 circumacti-sunt
1667 1248 1684 1312 ‚]

968 1329 1020 1374 tum
1029 1324 1126 1376 demum
1135 1341 1187 1390 me,
1197 1341 1239 1391 per
1248 1329 1362 1390 tumulas,
1371 1344 1442 1382 onnes
1451 1344 1499 1382 non
1509 1334 1603 1396 (nibil)
1614 1342 1737 1400 ouantes,

968 1411 1173 1476 deprehendemur
1177 1420 1252 1479 proci
1262 1420 1502 1482 supervenientes,et
1511 1422 1658 1486 increpuere
1665 1427 1746 1475 rubin

967 1501 1006 1550 sie
1015 1500 1074 1550 illud
1083 1502 1180 1564 quidem
1189 1504 1290 1566 perfeci,
1300 1506 1372 1555 etiam
1381 1507 1477 1570 nolens,
1487 1523 1519 1558 ex
1528 1512 1687 1562 necessitate¹

968 1591 1035 1637 b'unc
1041 1601 1099 1639 vero
1103 1604 1181 1653 neque
1187 1592 1290 1654 effugere
1296 1607 1395 1656 possum
1401 1595 1497 1658 nuptias
1503 1633 1512 1658 ‚
1518 1599 1746 1661 neqneullumaliud

967 1676 1091 1727 eonsilium
1100 1679 1203 1741 amplius
1212 1680 1319 1742 invenio;
1328 1682 1399 1732 valde
1411 1689 1493 1733 autem
1501 1685 1635 1736 hortantur
1643 1697 1746 1752 parentes

967 1763 1056 1813 nubere
1062 1782 1070 1825 ;
1077 1769 1102 1814 et
1109 1767 1228 1827 egsum
1236 1767 1300 1818 filins
1309 1769 1400 1819 victum
1409 1771 1568 1834 devorantes,

966 1864 1123 1914 cognoseenm
1131 1853 1182 1916 iam
1190 1855 1254 1904 enim
1262 1856 1299 1904 vir
1308 1861 1345 1906 est
1353 1859 1481 1920 qui-valeat
1490 1861 1598 1911 maxime

965 1938 1065 1990 domum
1072 1954 1170 2003 curare,
1180 1943 1266 2006 eniqne
1275 1945 1369 2008 Jupiter
1377 1946 1475 2008 glortarn
1485 1949 1605 2011 prebent.

965 2026 1012 2076 sed
1021 2031 1045 2076 et
1054 2029 1089 2077 sic
1097 2030 1155 2078 milri
1165 2029 1204 2080 die
1214 2035 1282 2080 tuum
1291 2045 1380 2094 genus,
1390 2037 1454 2084 uude
1463 2035 1511 2097 sis;

965 2116 1084 2164 nonenim
1093 2130 1108 2164 a
1117 2131 1206 2179 quercu
1215 2132 1242 2168 es
1251 2119 1438 2183 olbndabulosa,
1448 2134 1550 2185 nequea
1560 2130 1640 2188 petra.

995 2205 1062 2253 ilaue
1070 2209 1150 2254 antem
1156 2205 1303 2268 respondem
1309 2207 1473 2260 absentasset
1480 2211 1624 2274 ingeniosus
1634 2214 1738 2278 Ulyssem

963 2302 1048 2340 ουτοι
1057 2292 1190 2341 veneranda
1199 2294 1329 2345 Laertiades
1340 2295 1446 2358 Ulyssis,

963 2377 1069 2427 nondum
1078 2378 1173 2430 desines
1181 2393 1262 2431 meum
1271 2395 1346 2445 genus
1355 2384 1516 2447 interrogare?

963 2464 1010 2514 Sed
1019 2466 1062 2515 tihi
1071 2467 1199 2531 enarrabo;
1209 2475 1273 2520 certe
1282 2470 1378 2532 quidem
1388 2485 1427 2521 me
1437 2471 1563 2524 doloribus
1573 2475 1646 2527 dabis

962 2552 1084 2616 pluribus,
1092 2569 1164 2618 quam
1172 2557 1266 2620 quibus
1274 2562 1354 2607 teneor
1363 2559 1415 2609 :bie
1423 2561 1489 2610 enirn
1498 2575 1552 2611 mos
1562 2567 1613 2619 est,
1625 2565 1735 2627 quandoa

962 2640 1046 2704 patria]
1059 2656 1103 2693 sna
1112 2644 1175 2693 absit
1184 2645 1220 2693 vir
1228 2650 1295 2694 tauto
1304 2651 1423 2709 tempore,
1433 2654 1524 2711 quiante
1532 2664 1579 2712 ego
1589 2666 1668 2713 nunc,

962 2729 1050 2778 multas
1059 2731 1182 2780 bominum
1191 2746 1234 2794 per
1243 2733 1315 2782 nrbes
1323 2747 1418 2796 errans,
1428 2734 1522 2786 dolores
1531 2739 1627 2799 patiens
1639 2756 1646 2788 :

961 2816 1085 2867 sedetiam
1095 2819 1130 2867 eie
1138 2818 1217 2867 dicam
1223 2855 1230 2880 ‚
1240 2820 1306 2883 quod
1314 2834 1352 2870 me
1361 2823 1507 2883 peroontaris
1516 2830 1541 2872 et
1550 2826 1692 2889 interrogas

993 2908 1064 2955 creta
1073 2906 1184 2968 quedam
1193 2912 1256 2957 terre
1264 2912 1314 2970 est,
1324 2908 1403 2958 medio
1412 2909 1436 2958 in
1446 2910 1513 2972 nigro
1522 2919 1611 2973 ponto,

960 2991 1042 3056 pulcra
1051 2998 1075 3042 et
1084 2995 1191 3057 pinguis,
1200 2995 1350 3057 eirmmilua;
1360 2996 1385 3045 in
1394 3010 1424 3045 ea
1433 3003 1513 3047 autem
1524 2999 1636 3052 nomines

960 3084 1021 3130 sttui
1029 3080 1112 3143 multi,
1120 3083 1252 3143 innumeri,
1262 3084 1388 3146 nonaginta
1396 3085 1468 3134 urbes
1479 3100 1486 3134 ε

960 3166 1005 3216 alia
1013 3172 1094 3217 autem
1103 3166 1204 3218 aliorum
1212 3168 1292 3230 lingua
1300 3169 1374 3218 mixta
1384 3184 1390 3218 :
1401 3170 1483 3220 insunt
1491 3169 1591 3234 quidem
1601 3174 1698 3235 Achivi,

959 3255 1041 3303 insunt
1049 3268 1106 3304 vero
1116 3255 1367 3317 indigenae-cretenses
1374 3258 1531 3318 magnanimi,
1540 3259 1623 3308 insunt
1631 3267 1656 3309 et
1663 3263 1729 3322 cydo

960 3342 1021 3405 nes]
1031 3344 1204 3405 Doriensesque
1214 3344 1421 3405 trifariam-diuisi,
1431 3344 1553 3407 divinique
1564 3347 1667 3409 Pelasgi.

960 3431 1070 3479 luterbas
1078 3436 1157 3479 autem
1164 3432 1299 3493 (trrbrslest
1308 3436 1423 3493 Cnossus‚
1431 3447 1516 3493 magua
1525 3435 1585 3482 urbs
1595 3452 1600 3481 :
1609 3437 1651 3484 ubi
1662 3438 1730 3486 blinos

958 3532 1181 3580 permutem-annos
1191 3520 1316 3580 regnabat,
1326 3520 1393 3569 lovis
1402 3521 1481 3581 magm
1490 3521 1673 3586 confabulator,

958 3607 1031 3669 patris
1041 3608 1086 3655 mei
1096 3613 1171 3669 pater,
1183 3609 1323 3668 magnanimi
1335 3609 1490 3657 Deucalionis.

957 3695 1085 3744 Deucalion
1094 3706 1151 3743 vero
1161 3709 1198 3744 me
1208 3696 1289 3756 genuit
1298 3700 1322 3744 et
1332 3695 1485 3745 idomeneum
1494 3709 1575 3758 regem
1587 3713 1593 3745 z

957 3782 1000 3831 sed
1009 3783 1047 3832 ille
1057 3782 1152 3845 quidem
1163 3783 1186 3830 iu
1196 3784 1296 3831 navibus
1306 3784 1540 3846 ineurvispuppibus
1548 3785 1579 3832 ad
1589 3785 1662 3834 llinm

956 3870 1014 3919 abiit
1024 3885 1133 3919 unu-erun
1144 3871 1232 3919 Atridis
1245 3886 1250 3918 :
1262 3872 1320 3919 nutu
1330 3884 1386 3919 vero
1396 3885 1481 3920 nomen
1491 3872 1549 3932 incip
1557 3878 1609 3921 tum
1620 3875 1719 3935 AEthon‚

955 3973 1062 4020 stumque
1069 3960 1148 4020 junior
1156 3964 1227 4018 natu;
1238 3959 1276 4007 ille
1285 3960 1372 4007 etenim
1382 3960 1445 4021 prior
1454 3966 1478 4006 et
1488 3959 1580 4008 melior.

955 4046 1006 4094 lllic
1016 4046 1124 4108 Ulyssem
1134 4055 1177 4108 ego
1186 4047 1248 4106 vidi,
1259 4052 1283 4095 et
1293 4044 1418 4108 hospitalia
1427 4046 1491 4095 dedi.

956 4135 1048 4182 Etenim
1058 4148 1112 4182 eum
1122 4134 1257 4182 rad-Cretam
1267 4133 1396 4183 deduxerat
1407 4148 1443 4182 urs
1453 4135 1531 4195 veriti,

954 4228 1049 4271 euntem
1059 4222 1207 4283 ad·Tr0jam‚
1218 4223 1421 4284 quum-abegisset
1430 4236 1487 4271 eum
1498 4223 1609 4272 u-llaleis
1622 4240 1629 4272 :

954 4312 1037 4360 statuit
1046 4315 1126 4359 autem
1136 4323 1213 4358 naves
1223 4310 1247 4357 iu
1256 4311 1366 4369 dumiso,
1377 4310 1418 4358 ubi
1428 4324 1514 4371 specus
1524 4314 1562 4358 est
1573 4312 1690 4374 Lucium,

953 4400 977 4447 iu
987 4400 1094 4462 portibus
1104 4397 1239 4447 difficilibus
1251 4413 1256 4445 :
1268 4398 1306 4446 uix
1317 4403 1397 4446 tamen
1408 4398 1484 4446 evasit
1493 4398 1621 4459 procellas.

952 4489 1036 4537 Statim
1046 4501 1102 4535 vero
1113 4488 1265 4536 idomeneum
1275 4486 1409 4548 querebat,
1419 4485 1544 4533 ad-urbem
1553 4487 1692 4536 ascendens
1703 4505 1708 4535 :

952 4577 1070 4638 hospitem
1078 4576 1139 4623 enim
1147 4574 1325 4637 ipsumdieebat
1332 4573 1559 4634 dilectumqueesse,
1565 4575 1731 4624 reverendum

950 4663 1016 4727 que]
1026 4664 1087 4712 lluie
1096 4666 1175 4711 autern
1183 4663 1232 4722 jam
1241 4662 1332 4709 decima
1342 4661 1379 4709 vel
1390 4660 1513 4708 undecima
1521 4665 1573 4708 erat
1583 4675 1672 4710 aurora

950 4754 1055 4814 digresso
1065 4764 1119 4799 curn
1129 4750 1229 4798 natibus
1238 4749 1471 4810 incuruis-puppibus
1480 4748 1550 4795 ilium
1560 4761 1658 4798 versus,

950 4842 1020 4889 illum
1028 4839 1124 4901 quidem
1134 4851 1177 4898 ego
1187 4837 1217 4885 ad
1226 4837 1291 4887 mdes
1300 4837 1390 4884 dueens
1400 4835 1458 4883 bene
1469 4835 1683 4899 lruspitioexcepi,

948 4940 1069 4977 eumenia
1077 4927 1278 4983 amice-tracians,
1289 4924 1394 4972 emultis
1404 4924 1428 4971 iu
1437 4922 1508 4969 dunno
1517 4926 1718 4985 suppetentibus;

947 5022 971 5066 et
980 5016 1015 5074 ei,
1026 5015 1157 5076 ceterisque
1167 5014 1236 5061 sociis
1244 5049 1249 5068 ‚
1258 5013 1298 5075 qui
1310 5026 1356 5060 una
1366 5012 1443 5073 ipsum
1453 5010 1641 5072 comitabantur,

946 5103 1081 5166 depublieo
1091 5102 1176 5149 iurirras
1184 5100 1252 5160 dedi,
1262 5104 1286 5148 et
1296 5101 1387 5161 nigrum
1398 5100 1478 5146 vinum
1488 5098 1632 5160 collectum,

923 5237 926 5249 ,
946 5198 970 5243 et
979 5192 1052 5242 boves
1061 5189 1291 5248 rad-sacrificandum,
1303 5194 1329 5236 ut
1338 5186 1512 5249 explerent-sibi
1522 5187 1640 5235 uuuuurn.
