3570 5932
168 399 345 458 111111οΣ
365 399 400 456 Ω.
933 403 1100 464 lLIADlS
1126 407 1247 468 XXIV.
1438 418 1494 474 285

90 528 154 595 αξαν
164 527 253 608 ἄειραν
263 524 385 609 ἐΰτροχον
394 526 537 604 ἡμιονείην,
722 526 819 574 ulredum
828 527 925 590 quidem
934 530 1070 580 extulerunt
1080 531 1208 582 volubilem
1217 533 1345 597 11111ίί1111111,

89 614 237 691 ηπρπαγέα·
247 612 366 695 πείρινθα
376 613 403 672 δὲ
414 615 496 683 δῆσαν
506 617 547 671 ἐπ’
557 615 645 684 αὐτῆς·
720 613 835 676 pulcram,
848 622 1097 680 rettenbfflmpddldm
1107 633 1234 682 {licumque
1243 621 1345 682 ligarum
1355 635 1426 686 Rupes
1436 624 1496 685 ipsa,

94 701 245 783 πασσαλόρι
254 702 330 779 ζυγὸν
339 700 414 781 ᾕρεον
423 699 564 777 ἧμιόνιιον,
721 706 792 764 atque
801 716 816 750 a
825 703 912 765 paxillo
918 702 1002 765 jugum
1011 705 1164 755 detraxerunt
1173 708 1305 770 mulinum,

89 787 218 868 ,μριλόεη
228 778 257 844 ed
266 787 399 857 οἰήκεσσιν
409 785 512 868 ἀρηρός·
721 787 839 850 buxeum,
848 790 1094 853 umbilioooruatum,
1106 793 1165 842 scite
1173 795 1268 843 annulis
1277 800 1397 857 aptatum;

89 900 116 933 ον
125 874 281 952 ζυγόδεσμον
291 874 348 951 ἅμα
358 878 427 955 ζυγῷ
437 873 591 953 ἐννεάπηχυ.
722 875 858 924 extulemnt
867 880 891 925 et
898 875 1063 939 lorum-Jugale
1072 892 1182 928 unacum
1190 880 1246 941 jugo
1259 882 1498 932 novemcubitomm.

89 988 106 1019 ;ν
117 953 145 1020 εὖ
154 961 301 1034 κατέθηκαν
310 960 422 1042 ἐϋξέστῳ
432 962 475 1020 ἐπὶ
486 966 572 1042 ῥυμῷ,
722 965 752 1010 El
762 962 806 1010 hoo
815 962 912 1025 quidem
920 962 981 1012 bene
990 964 1154 1027 imposuerunt
1162 967 1326 1030 pulcrepoiito
1335 970 1438 1030 temom,

89 1049 188 1130 ppt-3³²3,
199 1049 242 1108 ἐπὶ
253 1049 280 1107 δὲ
290 1047 378 1129 χρίιιιν
389 1047 475 1129 ἕστορι
486 1050 591 1126 βάλλον·
721 1049 747 1097 in
755 1053 938 1111 parte-extremo
946 1051 1076 1110 anteriore,
1084 1057 1108 1101 ct
1114 1053 1228 1102 annulum
1237 1055 1413 1105 clavotemonis
1421 1070 1501 1120 super·

89 1137 186 1217 ίτερθεν
196 1135 292 1206 ἔδησαν
303 1135 342 1193 ἐπ’
353 1134 482 1216 ὀμφαλόν·
494 1132 578 1214 αὐτάρ
589 1133 679 1191 ἔπειτα
721 1149 823 1198 posuere
834 1135 953 1200 :]tervero
962 1137 1072 1201 uninque
1082 1139 1183 1199 ligarunt
1192 1140 1221 1188 ud
1228 1142 1501 1203 umbilicummcdeinde

89 1222 200 1293 ςὲδησαν,
211 1221 261 1278 ὑπὸ
270 1223 386 1299 γλωχῖνα
397 1223 419 1279 8⁴
430 1220 560 1301 ἔκαμψαν,
723 1223 1297 1285 exordineoircumligarunt‚etextremumlorum
1302 1229 1500 1289 81111119618111111111·

89 1333 134 1366 μου
144 1307 171 1367 δὲ
180 1308 311 1389 φέροντες,
322 1306 442 1378 ἐϋξέστης
451 1307 492 1364 ἐπ’
501 1305 602 1378 ἀπήνης
723 1310 842 1373 inflexere]
848 1315 866 1360 E
872 1311 976 1360 tudamo
985 1312 1171 1362 auiemserenles
1180 1315 1348 1378 benepolitam
1357 1318 1382 1365 111
1393 1317 1491 1367 rhedam

90 1395 179 1476 τορέης
187 1397 302 1476 κεφαλῆς
312 1394 436 1475 ἀπερείσι’
447 1394 551 1452 ἄποινα·
723 1397 902 1446 accumdonmt
912 1399 1020 1447 lteotorei
1029 1400 1114 1462 capitis
1124 1400 1215 1450 infinita
1225 1403 1315 1464 pretia;

89 1481 206 1560 ήμιόνους
214 1480 425 1563 κρατερώνυχας,
435 1478 621 1562 ἐντεσιεργοθς,
721 1483 898 1547 junxeruntque
906 1485 984 1534 mulos
993 1485 1192 1548 validisvmgulis,
1201 1488 1310 1549 curules,

89 1593 129 1627 οτε
139 1569 254 1648 Πριάμῳ
264 1569 349 1628 Μυσοί
359 1568 448 1639 δόσαν,
459 1565 546 1646 ἀγλαά
557 1569 636 1646 δῶρα.
722 1585 783 1633 quos
790 1572 848 1620 olim
856 1572 952 1621 Priamo
961 1572 1024 1635 Mysi
1033 1573 1161 1634 dederant,
1171 1574 1296 1637 splendida
1304 1576 1374 1626 dona

89 1654 99 1713 ἐ
112 1654 227 1735 Πριάμῳ
236 1654 336 1732 ὕπαγον
345 1654 431 1732 ζυγὸν,
440 1654 484 1720 οὓς
493 1658 506 1711 ὁ
516 1652 618 1734 γεραιὸς
723 1661 804 1720 Equos
811 1663 893 1707 ,auom
903 1659 996 1708 Priamo
1006 1659 1153 1710 duxere-sub
1160 1661 1257 1723 jugum,
1267 1677 1328 1726 quos
1336 1678 1410 1714 εοπεκ

89 1768 109 1801 ιν
119 1742 256 1800 ἀτίταλλεν
266 1740 371 1820 ἐϋξέστῃ
383 1742 426 1800 ἐπὶ
436 1740 528 1822 φάτνῃ·
724 1746 775 1807 ipse
784 1758 870 1794 curans
881 1745 959 1795 alebat
967 1746 1138 1808 hene-politum
1148 1748 1178 1796 ad
1187 1762 1317 1823 praesepe:

89 1829 214 1908 νγνιίσθην
223 1832 250 1888 ἐν
260 1829 377 1906 δώμασιν
387 1831 523 1909 ὑψηλοῖσιν
724 1831 768 1879 hos
779 1831 876 1894 quidem
885 1836 976 1881 σαννιιί
984 1832 1114 1894 jungebant
1123 1835 1147 1882 in
1156 1834 1248 1884 mdibrrs
1256 1837 1311 1885 altis

89 1916 234 1997 Πρίαμος,
243 1915 339 1975 πυκινά
348 1917 422 1997 φρεσί
434 1915 506 1992 μήδε’
519 1913 628 1993 ἔχοντες.
724 1932 803 1980 praeoo
814 1923 838 1968 et
848 1920 971 1981 Priamus,
981 1920 1107 1982 prudentia
1117 1922 1239 1971 mentibus
1247 1923 1345 1974 (unsilia
1356 1929 1470 1975 tenentos.

89 2006 151 2063 ολον
159 2003 188 2062 δέ
200 2004 242 2084 σφ’
252 1996 308 2075 ἦλθ’
320 2003 423 2073 Ἐκάόη
432 2001 545 2073 τετιηότι
554 2003 641 2082 θυμῷ,
755 2009 831 2068 Prope
840 2011 921 2055 autem
931 2006 996 2068 ipsos
1005 2008 1106 2056 accessit
1115 2009 1215 2058 Hecuba
1224 2015 1310 2061 moesto
1318 2012 1411 2074 animo,

89 2091 119 2149 ισ’
129 2092 230 2172 ἐνχειρῖ
241 2090 382 2172 μελίφρονα
395 2090 563 2170 δεξιτερῇφιν,
675 2115 676 2120 ·
725 2093 808 2141 vinum
819 2097 901 2143 tenens
911 2093 936 2142 in
944 2107 1017 2143 manu
1027 2108 1101 2143 suove
1110 2095 1208 2156 dextra,

88 2203 95 2231 ι
104 2177 195 2247 δέπαϊ,
205 2176 271 2258 όφρα
280 2178 402 2258 λείψαντε
411 2177 519 2247 κιοίτην·
724 2193 796 2228 aureo
806 2179 830 2228 in
838 2180 937 2243 poculo,
947 2186 973 2229 ut
983 2181 1168 2231 libatione-tacta
1177 2183 1269 2233 abirent
1280 2201 1286 2232 :

89 2289 127 2322 ων
132 2264 304 2345 προπάροιθεν
310 2264 369 2331 ἔπος
374 2266 396 2322 τ’
404 2263 476 2345 ἔφατ’
483 2262 512 2321 ἔκ
518 2265 540 2320 τ’
547 2261 681 2338 ὀνόμαζεν·
724 2267 791 2316 stetit
800 2280 857 2316 vero
865 2271 920 2317 ante
930 2281 1018 2330 equos,
1028 2269 1175 2332 voltumque
1184 2269 1245 2319 dixit
1254 2276 1278 2320 et
1286 2270 1425 2322 elocuta-est
1436 2289 1442 2322 :

89 2359 169 2409 τεῖσον
180 2350 327 2432 Arimaspi,
339 2351 383 2409 καί
393 2350 468 2429 εὔχεο
479 2349 560 2428 οἴκαδ’
570 2347 671 2406 ἱκέσθαι
756 2353 854 2415 Accipe,
864 2353 912 2402 liba
920 2355 975 2403 lovi
985 2356 1059 2417 patri,
1069 2361 1093 2404 et
1104 2357 1211 2418 supplica
1220 2357 1319 2406 domum
1328 2362 1490 2422 utperveniae

89 2440 183 2516 μενέων
193 2440 300 2518 ἀνδρῶν·
311 2439 367 2497 ἐπεὶ
377 2437 409 2518 ἀρ
421 2437 479 2514 σέγε
491 2435 570 2514 θυμὸς
725 2439 800 2488 redux
811 2453 841 2488 ex
852 2440 963 2489 hostibus
974 2442 1030 2489 viris
1040 2456 1046 2488 ε
1057 2443 1175 2504 siquidem
1186 2448 1209 2492 te
1218 2445 1315 2494 animus

89 2527 109 2584 τί
119 2531 195 2597 νῆας,
206 2528 277 2601 ἐμεῖο
287 2523 334 2602 μέν
344 2527 390 2582 οὐκ
400 2521 542 2595 ἐθελούσης.
725 2527 827 2589 impellit
834 2526 866 2576 nd
874 2540 961 2588 neves,
972 2542 1010 2576 me
1019 2528 1117 2591 quidem
1127 2543 1175 2578 non
1184 2530 1288 2580 volente.

89 2638 114 2671 ευ
124 2611 181 2690 σύγ’
193 2611 283 2669 ἔπειτα
294 2609 440 2691 κελαινεφέϊ
450 2608 590 2690 Κρονίωνι,
726 2614 773 2663 Sed
782 2614 888 2677 suppiles
897 2619 924 2664 tu
931 2615 981 2675 jam
992 2617 1245 2678 atras-nubesoogenti
1254 2620 1377 2680 saturnio,

89 2724 123 2766 ,τε
132 2697 230 2778 Τροίην
240 2696 308 2755 κατὰ
317 2708 406 2756 πᾶσαν
416 2701 516 2777 δρᾶται·
725 2702 804 2763 idaco,
813 2703 854 2764 qui
864 2702 993 2762 inimicam
1003 2717 1098 2752 omnem
1108 2704 1208 2766 despicit
1219 2719 1224 2752 :

89 2786 164 2854 ωνδν,
174 2784 256 2864 ταχὺν
266 2786 384 2863 ἄγγελον,
394 2783 448 2851 όςτε
458 2787 481 2841 ot
491 2785 562 2862 αὐτῷ
724 2794 778 2850 pete
787 2793 868 2838 numm
876 2789 971 2850 alitem,
981 2791 1086 2839 velocem
1096 2790 1219 2852 nuntium,
1228 2793 1270 2854 qui
1279 2793 1376 2854 quidem
1386 2795 1462 2857 elipsi

89 2877 192 2944 οἰωνῶν,
202 2871 247 2930 καί
258 2876 285 2930 εὖ
295 2871 389 2953 κράτος
398 2871 453 2930 ἐστὶ
464 2869 594 2948 μέγιστον,
725 2877 875 2938 gratissimus
884 2877 982 2938 alitum,
992 2883 1016 2926 et
1025 2878 1094 2939 cujus
1103 2879 1176 2927 robur
1185 2883 1222 2928 est
1231 2881 1377 2940 maximum,

89 2986 124 3043 pu
136 2985 179 3038 μιν
189 2959 265 3025 αὐτὸς
274 2962 300 3016 ἐν
310 2962 466 3040 ὀφθαλμοῖσι
475 2956 582 3028 νοήσας,
724 2964 836 3013 dextrum
847 2980 853 3012 ε
865 2969 892 3013 ut
900 2978 956 3014 eum
966 2966 1017 3027 ipse
1027 2966 1051 3013 iu
1060 2965 1136 3014 oculis
1146 2968 1310 3028 conspicatus,

89 3076 104 3115 κ
116 3048 158 3107 ἐπὶ
167 3052 230 3116 νῆας
241 3046 281 3124 ίης
290 3050 400 3105 Δαναῶν
409 3044 582 3124 ταχυπώλων.
725 3065 753 3100 eo
762 3051 836 3100 ireins
844 3052 875 3100 ad
884 3066 958 3101 naves
967 3066 1008 3103 eas
1016 3056 1152 3102 Danaorum
1161 3053 1440 3118 citis-insigniumoquis.

89 3139 116 3195 οὗ
128 3132 204 3192 δώσει
214 3134 254 3191 ἑὸν
265 3133 375 3212 ἄγγελον
386 3133 499 3214 εὐρύοπα
511 3130 590 3203 Ζεὺς,
724 3140 749 3188 Sl
758 3153 815 3187 vero
824 3139 867 3188 tibi
876 3153 924 3188 non
932 3139 999 3188 dabit
1008 3154 1080 3189 suum
1088 3142 1200 3189 nuntium
1210 3141 1356 3192 late-sonans
1366 3144 1470 3206 Jupiter,

89 3220 137 3299 ιιγέ
147 3223 170 3278 α’
182 3219 271 3277 ἔπειτα
282 3219 455 3301 ἐποτρύνουσα
465 3217 589 3294 κελοίμην
725 3241 772 3274 non
781 3239 824 3287 ego
834 3232 857 3275 te
868 3226 922 3275 inde
931 3226 1058 3288 impellens
1068 3228 1176 3276 hortarer

89 3307 205 3389 ὲίρμίων
216 3306 294 3378 ἰέναι,
306 3307 378 3385 μάλα
388 3331 438 3388 περ
449 3310 586 3384 μεμαῶτα.
724 3327 798 3362 naves
806 3312 837 3361 ud
845 3315 984 3375 Argivorum
994 3315 1036 3372 ire,
1044 3314 1173 3384 admodum
1181 3315 1237 3364 licet
1246 3315 1367 3378 cupidum.

95 3393 302 3471 ἀπαμειόόμενος
311 3394 423 3476 προςέφη
435 3393 555 3475 Πρίαμος
562 3390 682 3462 θεοειδής·
756 3400 824 3450 illum
833 3414 890 3449 vero
898 3401 1043 3463 respondens
1053 3388 1219 3450 allocutusest
1230 3403 1339 3451 Priamus
1347 3403 1502 3454 deosimllis:

89 3486 116 3542 οὐ
127 3481 174 3558 μέν
183 3506 222 3540 τοι
231 3481 282 3540 τόδ’
294 3481 414 3562 ἐφιεμένῃ
426 3480 553 3551 ἀπιθήσει).
725 3502 740 3537 o
749 3502 818 3548 uxor,
827 3489 890 3537 haud
900 3502 957 3538 sone
966 3488 1008 3537 triti
1018 3489 1062 3537 lroc
1071 3489 1218 3552 praecipienti
1228 3489 1443 3552 inobsequens-em.

89 3571 127 3650 ’ἀρ
137 3570 180 3629 Διί
188 3577 276 3648 χεῖρας
287 3567 447 3647 ἀνασχέμεν,
458 3569 486 3626 αἶ
494 3568 518 3625 κ’
528 3565 632 3644 ελεήοῃ.
643 3623 645 3626 ,
725 3579 817 3624 Bonum
827 3576 890 3624 enim
902 3576 957 3624 lovi
967 3589 1052 3624 manus
1061 3577 1169 3635 elevare,
1180 3579 1200 3624 si
1210 3578 1271 3626 forte
1281 3579 1428 3627 misereatur.

89 3702 93 3722 ,
103 3655 149 3713 καί
159 3653 304 3735 ἀμφίπολον
313 3654 410 3730 ταμίην
420 3653 511 3735 ὤτρυν’
521 3658 535 3711 ὁ
544 3652 658 3734 γεραιὸς,
756 3663 835 3722 Dixit,
843 3667 868 3710 et
876 3662 986 3710 ancillam
995 3662 1191 3724 dispensatricem
1198 3663 1270 3722 jussit
1279 3677 1352 3712 senex

89 3766 127 3822 ωρ
137 3745 256 3820 ἐπιχεῦαι
266 3740 404 3820 ἀκήρατον·
415 3746 431 3811 ἡ
443 3739 470 3797 δὲ
479 3739 610 3820 παρέστη,
726 3749 836 3797 manibus
846 3762 931 3811 aquam
942 3749 1065 3797 infundere
1075 3764 1158 3812 puram
1171 3765 1176 3796 :
1187 3755 1260 3812 utque
1269 3751 1346 3799 astitit

89 3827 233 3908 ἀμφίπολος
242 3825 352 3907 πρόχοόν
362 3827 383 3884 θ’
394 3827 450 3903 άμα
460 3825 549 3907 χερσίν
559 3824 664 3904 ίχουσα.
725 3837 814 3899 pelvim
822 3835 906 3884 ancilla
914 3837 1109 3898 guttumiumque
1118 3837 1188 3885 sunni
1199 3837 1309 3886 manibus
1318 3842 1409 3887 tenens.

89 3939 110 3981 ις
120 3915 146 3972 δὲ
156 3912 283 3972 κύπελλον
293 3913 395 3981 ἐδέξατο
404 3906 434 3984 ής
444 3912 557 3991 ἀλόχοιο
727 3926 757 3973 Ut
767 3937 824 3972 vero
833 3923 973 3982 sedaverat,
983 3923 1095 3984 poculum
1104 3923 1196 3985 accepit
1206 3937 1273 3972 n-sua
1282 3937 1371 3983 uxore;

89 4024 142 4059 ειτα
153 3999 215 4066 στίις
225 3999 296 4080 μέσῳ
306 3998 389 4081 έρκεῖ,
398 3999 469 4058 λεῖόε
481 3997 507 4057 δὲ
517 3990 593 4071 οἶνον,
726 4009 866 4072 precabatur
874 4009 960 4058 deinde
969 4014 1036 4058 stans
1045 4010 1124 4058 medio
1134 4009 1252 4071 insepto,
1262 4010 1393 4073 libavitque
1406 4010 1503 4070 vinum,

91 4085 215 4154 ἰςανιδών·
225 4085 271 4144 καί
280 4087 401 4167 φωνήσας
411 4086 470 4153 ἔπος
477 4084 552 4157 ηὔδα·
727 4096 812 4145 oculum
821 4095 954 4158 suspiciens
965 4111 971 4143 ι
982 4100 1007 4144 et
1016 4096 1147 4145 edita-voce
1157 4096 1257 4145 verbum
1266 4096 1329 4145 dixit
1339 4113 1345 4145 :

89 4174 152 4253 ίτερ’
163 4170 263 4243 ’ίδηθεν
273 4172 379 4249 μεδέων,
389 4170 506 4243 κύδιστε,
517 4170 636 4249 μέγιστε,
758 4184 851 4245 Jupiter
859 4186 935 4245 pater,
944 4182 1027 4232 nitida
1036 4184 1168 4245 imperans,
1178 4182 1360 4245 augustissime,
1370 4183 1488 4242 maxime,

89 4261 221 4338 Ἀχιλλῆος
230 4257 302 4339 φιλον
314 4261 395 4316 ἐλθεῖν
406 4259 446 4330 ἠδ’
457 4257 574 4318 ἐλεεινόν·
727 4269 1084 4319 demeud.tolrillietcntorium
1089 4269 1270 4330 gratumvenire
1279 4269 1492 4318 acmiserandum:

89 4350 96 4370 '
109 4344 206 4418 οἰωνὸν,
216 4345 298 4425 ταχὺν
309 4346 425 4423 ἄγγελον,
435 4345 489 4413 dere
500 4369 540 4404 σοι
550 4347 621 4426 αὐτῷ
727 4359 795 4406 mitte
801 4362 881 4406 autem
890 4356 987 4417 alitem,
997 4356 1101 4405 velocem
1111 4358 1236 4417 nuntium,
1246 4357 1287 4419 qui
1296 4357 1340 4405 tibi
1349 4356 1397 4418 ipsi

91 4436 197 4504 οἰωνῶν,
207 4433 252 4490 καί
262 4437 289 4490 εὑ
299 4432 392 4512 κράτος
402 4433 456 4490 ἐστί
468 4431 597 4509 μέγιστον,
727 4445 876 4507 gratissimus
885 4443 981 4505 alitum,
990 4449 1015 4493 et
1023 4443 1092 4504 cujus
1101 4444 1173 4493 robur
1181 4449 1218 4493 est
1227 4444 1373 4503 maximum,

89 4544 126 4602 ,ρο
137 4544 180 4597 μιν
191 4518 266 4586 αὐτὸς
276 4523 302 4577 ἐν
312 4521 467 4600 ὀφθαλμοῖσι
478 4519 587 4591 νοήσας,
727 4532 853 4581 dextrum:
863 4536 954 4580 uicum
966 4532 1016 4593 ipse
1026 4531 1132 4580 inoculis
1139 4531 1303 4592 conspicatum

89 4631 115 4673 υς
124 4606 167 4665 ἐπί
176 4611 238 4677 νῆας
247 4606 280 4664 to
290 4610 399 4666 Δαναῶν
407 4605 579 4685 ταχυπώλων.
726 4632 755 4667 eo
764 4618 839 4668 fretus
846 4618 878 4667 ud
886 4631 961 4667 naves
970 4631 1022 4667 eam
1033 4622 1168 4667 Danaomm
1176 4615 1457 4678 citisequisinsignium.

89 4698 134 4751 στ’
143 4691 288 4772 εὐχόμενος·
298 4701 342 4751 τοῦ
353 4693 376 4750 δ’
386 4692 460 4751 έκλυε
470 4692 581 4770 μητίετα
590 4691 663 4761 Ζεός.
758 4707 797 4756 sic
806 4705 867 4755 dixit
875 4718 975 4768 precam
985 4721 991 4752 z
1001 4719 1056 4753 eum
1067 4719 1124 4754 vero
1132 4703 1239 4753 exaudiit
1247 4703 1362 4765 providus
1372 4703 1474 4767 tupiter.

90 4783 97 4805 ’
107 4780 192 4838 αἰετὸν
202 4773 264 4851 ἧκε,
273 4779 432 4839 τελειότατον
442 4784 582 4852 πετεηνῶν,
726 4794 859 4856 statimque
868 4792 971 4855 aquilam
982 4793 1060 4851 misit,
1072 4791 1353 4852 mrtissimumaugurem
1363 4791 1500 4851 voluerum,

95 4865 228 4947 θηρητῆρ’,
239 4865 267 4923 ὃν
278 4865 323 4923 καί
332 4865 441 4947 περκνὸν
450 4866 594 4924 καλέουσιν·
728 4880 873 4942 iiiorphnon‚
883 4879 1044 4936 venatricem,
1054 4880 1159 4939 quamet
1169 4880 1275 4925 Permou
1285 4882 1377 4927 vocant.

98 4952 234 5034 ὑψορόφοιο
243 4951 306 5033 θύρη
316 4953 443 5029 θαλάμοιο
452 4952 572 5011 τέτυκται
632 5003 634 5010 ,
725 4972 820 5025 Quanta
828 4970 908 5014 autem
918 4965 1006 5013 excelsi
1013 4964 1085 5024 janua
1096 4963 1192 5012 thalami
1202 4967 1240 5012 est

89 5047 187 5120 γνειοῖο,
197 5040 312 5111 ἐϋκλήῖς,
323 5042 442 5120 ἀραρυῖα·
724 5055 770 5103 viri
780 5052 899 5115 opulenti,
909 5050 1140 5111 firmiterobserata,
1151 5051 1276 5114 bcneapta
1286 5064 1293 5098 τ

89 5151 97 5186 ι
107 5132 153 5186 τοῦ
162 5125 295 5207 ἑκάτερθεν
306 5125 368 5185 ἐστιν
377 5127 468 5208 πτερά·
478 5127 566 5187 εἴσατο
575 5125 603 5184 δέ
611 5149 670 5207 σφιν
726 5146 798 5191 tantm
806 5139 878 5202 hujus
888 5139 998 5201 utrinque
1006 5143 1073 5188 erant
1081 5138 1125 5188 alae
1136 5153 1142 5187 ε
1152 5139 1251 5189 visaem
1259 5142 1339 5189 autem
1348 5137 1407 5200 ipsis
