3570 5932
247 436 493 497 ΟΔΥΣΣΕῙΑΣ
517 437 552 497 b

60 569 189 645 Κύματος
198 567 332 642 ἐξαναδύς,
341 569 398 629 τότ’
406 568 538 652 ἐρεύγεται
547 567 697 652 ήπειρόνδε,

59 661 126 737 νῆχε
139 655 221 738 παρὲξ
228 702 236 730 ,
244 661 270 724 ἐς
278 667 357 736 γαῖαν
367 655 509 739 ὁρώμενος,
519 655 544 716 εί
551 680 601 715 που
612 656 713 739 ἐφεύροι

10 765 45 803 tto
58 744 151 816 ἠϊόνας
163 769 193 803 τε
202 747 395 826 παραπλῆγας,
405 743 513 816 λιμένας
521 768 551 803 τε
560 743 701 817 θαλάσσης

57 832 129 891 Ἀλλ’
141 830 184 890 ἀτε
194 830 225 903 δή
234 841 365 910 ποταμοῖο
374 829 443 889 κατὰ
454 830 539 908 στόμα
549 830 698 914 καλλιρόοιο

54 910 97 987 ἷξε
108 918 223 998 νέων,τῆ
234 916 265 989 δή
275 922 300 977 ai
309 918 412 977 ἐείσατο
420 922 505 999 χῶρος
515 912 634 999 ἄριστος,

57 1009 128 1073 λεῖος
136 1004 268 1088 πετράων,
276 1005 322 1064 καί
332 1004 377 1064 ἐπὶ
387 1004 486 1073 σκέπας
494 995 527 1076 ήν
536 1004 650 1082 ἀνέμοιο·

58 1093 127 1172 lpum
139 1092 167 1152 δέ
174 1092 331 1175 προρέοντα,
341 1091 387 1151 καλ
397 1091 489 1161 εύξατο
498 1091 526 1150 δν
537 1091 606 1151 κατά
616 1090 705 1170 θυμόν·

10 1201 43 1240 ies
100 1183 198 1253 Κλῦθι,
208 1179 287 1252 ἄναξ,
297 1179 350 1248 ὅτις
360 1181 426 1240 ἐσσί·
436 1179 609 1240 πολύλλιστον
619 1179 647 1239 δέ
656 1183 680 1239 α’
691 1178 788 1254 ἱκάνω,

57 1267 162 1351 φεύγων
171 1271 202 1328 ἐκ
210 1266 315 1327 πόντοιο
325 1268 507 1334 Ποσειδάωνος
516 1266 614 1335 ἐνιπάς.

56 1359 163 1422 Αἰδοῖος
173 1354 220 1432 μέν
228 1355 252 1413 τ’
261 1354 317 1415 ἐστλ
326 1354 372 1414 καλ
383 1354 534 1415 ἀθανάτοισι
544 1359 649 1426 θεοῖσιν,

57 1445 160 1525 ἀνδρῶν
170 1441 240 1510 ὅστις
248 1440 339 1515 ἵκηται
349 1442 496 1520 ἀλώμενος,
508 1445 542 1509 ὡς
551 1441 597 1501 καλ
607 1440 661 1520 ἐγὼ
670 1447 715 1501 νῦν

56 1530 103 1589 σόν
113 1554 143 1588 τε
153 1529 220 1611 ῥόον,
234 1529 269 1588 σά
278 1553 307 1588 τε
317 1528 420 1608 γούναθ’
430 1529 529 1603 ἱκάνω,
539 1529 625 1589 πολλὰ
636 1530 763 1677 μογήσας.

10 1641 42 1678 ..ιο
56 1619 130 1678 Ἀλλ’
140 1616 254 1699 ἐλέαιρε,
265 1617 338 1687 ἄναξ·
349 1616 436 1690 ἱκέτης
446 1617 473 1676 δέ
482 1641 522 1677 τοι
534 1616 647 1696 εὔχομαι
657 1642 669 1676 ε
680 1641 733 1676 ναι.

95 1704 268 1786 Ὣςφάθ’·δδ’
273 1704 477 1764 αότίκαπαῦσεν
483 1704 525 1762 tia
532 1703 597 1785 ῥόον,
605 1705 666 1784 ἔσχε
673 1704 787 1783 δῖκῦμα·

54 1791 154 1874 πρόσθε
165 1791 226 1850 δόοί
235 1789 331 1863 ποίησε
340 1790 467 1869 γαλήνην,
478 1790 522 1849 τὸν
533 1793 555 1850 δ’
566 1791 684 1850 ἐσάωσεν

55 1882 213 1956 ἐςποταμοῢ
222 1877 367 1959 προχοάςδ
378 1879 401 1936 δ’
409 1879 449 1961 ἄρ’
457 1878 536 1960 ἄμφω
545 1877 650 1959 γούνατ’
662 1878 788 1960 ἔκαμψεν,

53 1966 146 2048 χεῖράς
153 1989 182 2024 τε
192 1964 326 2048 στιόαράς·
337 1965 382 2025 ἀλλ
391 1964 442 2047 γάρ
452 1965 565 2043 δέδμητο
576 1965 649 2046 φίλον
659 1970 718 2048 κῆρ.

14 2076 40 2112 ss
55 2053 135 2139 ᾬόεε
145 2052 173 2112 δέ
181 2052 249 2135 χρόα
259 2053 355 2111 πάντα·
367 2052 486 2111 θάλασσα
498 2049 525 2109 δέ
534 2052 610 2123 κήκιε
621 2052 708 2125 πολλή

56 2141 88 2201 ἀν
98 2141 184 2220 στόμα
193 2165 223 2200 τε
231 2140 302 2223 ῥῖνάς
311 2141 394 2199 θ’·δδ
405 2140 447 2223 ἄρ’
455 2141 598 2208 ἄπνευστος
607 2140 653 2198 καί
663 2140 775 2208 ἄναυδος

55 2230 122 2289 κεῖτ’
131 2227 319 2307 ὀλιγηπελέων,
329 2228 448 2304 κάματος
458 2225 486 2284 δέ
496 2250 541 2305 μιν
551 2227 620 2294 αἰνὸς
627 2225 726 2286 ἵκανεν.

56 2318 126 2377 Ἀλλ’
135 2316 179 2376 ὅτε
189 2316 220 2388 δή
231 2316 253 2398 ρ’
264 2316 385 2393 ἄμπνυτο
394 2314 440 2373 καλ
450 2317 476 2381 ἐς
486 2314 567 2396 φρένα
577 2313 656 2391 θυμὸς
666 2313 764 2395 ἀγέρθη
774 2359 782 2387 ,

55 2405 102 2463 καλ
112 2403 171 2464 τότε
181 2403 213 2475 δή
222 2402 368 2485 κρήδεμνον
379 2402 432 2460 ἀπὸ
442 2400 469 2459 έο
478 2403 542 2459 λῦσε
551 2406 628 2459 θεοῖο·

10 2513 41 2551 που
55 2491 102 2550 καί
111 2490 141 2550 τδ
151 2489 199 2570 μὲν
210 2490 363 2569 έςποταμδν
374 2486 554 2569 ἁλιμυρήεντα
565 2493 686 2565 μεθῆκεν·

55 2578 94 2661 ἄψ
104 2580 126 2638 δ’
136 2579 226 2661 έφερεν
236 2576 305 2656 μέγα
315 2583 387 2656 κῦμα
397 2575 467 2637 κατά
478 2575 545 2657 ῥόον.
558 2566 631 2656 Αῖψα
643 2575 665 2632 δ’
677 2574 718 2657 ἄρ’
729 2573 787 2636 Ἰνὼ

56 2664 148 2734 δέξατο
156 2663 233 2746 χερσὶ
243 2664 356 2746 φίλῃσιν·
366 2669 380 2723 ὁ
390 2664 412 2722 δ’
424 2667 454 2722 ἐκ
463 2671 595 2740 ποταμοῖο
605 2661 722 2731 λιασθείς

55 2752 319 2835 σχοίνηκύπεκλίνθη,
329 2751 393 2811 κύσε
404 2750 431 2810 δέ
442 2750 561 2831 ζείδωρον
573 2749 695 2831 ἄρουραν·

55 2841 171 2920 ὀχθήσας
182 2842 203 2900 δ’
214 2841 266 2920 ἄρα
277 2831 333 2899 εἷπε
343 2840 407 2922 πρὸς
416 2839 444 2898 ὃν
456 2837 625 2919 μεγαλήτορα
635 2838 726 2917 θυμόν·

10 2956 41 2993 ras
95 2930 132 2996 Ὤ
143 2957 189 3012 μοι
198 2931 265 3010 ἐγὼ,
274 2931 300 2992 τί
310 2930 401 3004 πάθω,
412 2931 437 2990 τί
446 2929 476 2989 νύ
488 2954 533 3008 μοι
543 2929 660 3008 μήκιστα
670 2929 787 3009 γένηται.

58 3025 93 3082 El
104 3021 152 3099 μέν
161 3021 186 3081 κ’
196 3024 223 3080 ἐν
233 3024 347 3102 ποταμῷ
357 3018 483 3090 δυςκηδέα
492 3017 575 3078 νύκτα
585 3016 705 3100 φυλάξω,

56 3107 95 3186 μή
106 3108 134 3187 μ’
145 3108 239 3187 ἄμυδις
248 3106 326 3179 στίόη
336 3131 364 3165 τε
375 3104 444 3176 κακή
455 3104 501 3164 καί
511 3107 590 3176 θῆλυς
599 3103 676 3186 ἐέρση

56 3200 83 3268 ἐξ
93 3199 261 3277 ὀλιγηπελίης
271 3197 377 3277 δαμάση
389 3196 541 3278 κεκαφηότα
552 3196 642 3275 θυμόν·

54 3287 124 3369 αὔρη
135 3289 157 3347 δ’
167 3291 198 3347 ἐκ
206 3293 328 3365 ποταμοῦ
337 3284 426 3367 ψυχρή
437 3284 510 3344 πνέει
519 3289 585 3356 ήῶθι
595 3283 655 3366 πρό.

10 3395 41 3434 πο
56 3377 91 3435 Ei
101 3372 130 3433 δέ
138 3397 183 3446 κεν
193 3375 219 3442 ές
228 3372 318 3433 κλει-ὀν
329 3371 429 3439 ἀναύάς
438 3371 484 3431 καλ
495 3371 601 3431 δάσκιον
612 3370 689 3443 ύλην,

54 3459 162 3538 θάμνοις
171 3462 198 3518 ἐν
207 3469 339 3519 πυκινοῖσι
349 3458 521 3539 καταδράθω,
531 3457 556 3516 εί
565 3481 598 3536 με
611 3458 700 3536 μεθείη

72 3557 127 3625 ῖγος
137 3547 183 3607 καί
193 3545 326 3625 κάματος,
336 3545 461 3627 γλυκερὸς
470 3544 498 3605 δέ
508 3569 553 3623 μοι
563 3543 641 3613 ὕπνος
651 3544 763 3626 ἐπέλθῃ,

71 3634 133 3693 είδω
142 3633 179 3712 μὴ
192 3633 314 3715 θήρεσσιν
324 3632 393 3715 ἕλωρ
403 3632 448 3691 καλ
458 3632 548 3714 κύρμα
557 3631 685 3709 γένωμαι.

95 3723 145 3790 Ὦς
155 3722 207 3804 ἄρα
216 3725 241 3782 oi
251 3720 383 3804 φρονέωσι
393 3720 525 3779 δοάσσατο
534 3718 635 3802 κέρδιον
646 3710 721 3778 εἶναι·

10 3833 40 3871 »75
57 3815 93 3891 βῆ
103 3811 125 3892 ῥ’
134 3808 195 3887 ίμεν
205 3813 240 3877 εἷς
250 3807 323 3880 ὕλην·
332 3807 381 3879 τῆν
392 3806 419 3867 δέ
430 3808 522 3887 σχεδὸν
533 3807 625 3873 ύδατος
634 3798 707 3887 εύρεν

55 3901 83 3957 ἐν
92 3896 311 3980 περιφαινομένῳ·
322 3895 405 3961 δοιοὺς
415 3895 437 3953 δ’
449 3894 490 3976 ἀρ’
500 3893 617 3965 ὑπήλυθε
628 3893 755 3969 θάμνους,

55 3983 82 4052 ἐξ
92 3983 185 4061 ὁμόθεν
195 3987 342 4065 πεφυῶτας·
352 3987 367 4041 b
377 3981 424 4060 μέν
434 3980 541 4063 φυλίης,
551 3986 566 4040 b
576 3982 598 4040 δ’
609 3979 706 4053 ἐλαίης.
725 3987 727 3991 ’

54 4070 125 4138 Τοὺς
135 4071 182 4149 μέν
193 4070 234 4153 ἄρ’
244 4069 298 4130 οὔτ’
309 4068 413 4147 ἀνέμων
424 4068 491 4128 διάει
501 4068 577 4147 μένος
587 4067 665 4150 ύγρδν
676 4066 786 4141 ἀέντων,

55 4157 183 4219 οὐδέποτ’
194 4156 297 4224 Ἠέλιος
306 4155 409 4239 φαέθων
420 4159 523 4215 ἀκτῖσιν
534 4154 655 4227 έόαλλεν,

10 4268 42 4307 tao
55 4246 110 4305 οὔτ’
120 4245 218 4327 ὀμόρος
227 4244 363 4327 περάασκε
374 4242 523 4326 διαμπερές·
534 4243 569 4310 ὣς
579 4241 631 4322 ἄρα
640 4241 735 4301 πυκνοὶ

56 4333 209 4404 ἀλλήλοισιν
219 4333 281 4415 ἐφυν
292 4331 473 4410 ἐπαμοιόαδίς·
484 4331 527 4398 οθς
538 4330 581 4388 ὑπ’
593 4328 736 4397 Ὀδυσσεὺς

55 4421 156 4481 δύσετ’·
168 4421 239 4504 ἄφαρ
248 4421 271 4480 δ’
282 4420 358 4491 εὐνὴν
368 4417 526 4497 ἐπαμήσατο
535 4416 611 4498 χερσὶ
621 4416 725 4499 φιλῃσιν

55 4512 167 4591 εὐρεῖαν·
177 4507 282 4590 φύλλων
291 4507 343 4590 γάρ
353 4507 398 4579 έην
411 4506 487 4586 χύσις
496 4507 575 4577 ῆλιθα
584 4503 685 4578 πολλῆ,

56 4595 133 4656 ὅσσον
142 4596 166 4655 τ’
175 4594 207 4668 all
218 4594 271 4655 δύω
280 4594 312 4668 ἠδ
321 4605 389 4676 τρεῖς
400 4596 494 4675 ἄνδρας
504 4592 612 4675 έρυσθαι

10 4706 41 4744 ωε
55 4682 111 4766 ὥρη
121 4683 257 4765 χειμερίη,
269 4687 291 4743 εί
301 4682 347 4741 καί
357 4681 431 4760 μάλα
440 4704 490 4762 περ
499 4678 665 4759 χαλεπαίνοι.

55 4770 114 4842 Τήν
125 4770 173 4849 μέν
183 4769 244 4830 ἰδὼν
254 4770 354 4850 γήθησε
362 4768 495 4836 πολύτλας
505 4770 557 4835 διος
567 4764 718 4834 Ὀδυσσεύς·

56 4861 82 4916 έν
93 4858 116 4917 δ’
126 4857 178 4939 ἄρα
189 4857 274 4938 μέσσῃ
289 4848 466 4936 λέκτο,χύσιν
477 4857 500 4914 δ’
509 4854 659 4935 έπεχεύατα
669 4852 783 4936 φύλλων.

56 4945 106 5014 Ὦς
116 4947 138 5005 δ’
148 4945 192 5006 ὅτε
200 4971 239 5014 τις
248 4947 327 5006 δαλδν
338 4947 433 5025 σποδιῇ
443 4943 567 5025 ἐνέκρυψε
578 4942 704 5022 μελαίνῃ,

57 5035 138 5114 ἀγροῦ
148 5035 189 5092 ἐπ’
199 5037 337 5114 ἐσχατιῆς,
346 5024 369 5114 ᾧ
379 5030 416 5110 μὴ
426 5030 499 5112 πείρα
509 5030 620 5109 γείτονες
630 5029 719 5102 ἄλλοι,

10 5142 43 5182 »νο
56 5121 163 5202 σπέρμα
172 5120 252 5203 τωρδς
260 5120 360 5192 σώζων,
368 5119 412 5179 ἵνα
423 5119 459 5196 μή
470 5117 547 5178 ποθεν
558 5118 665 5177 ἄλλοθεν
675 5115 742 5176 αύοι·

57 5209 93 5278 ὣς
102 5209 227 5279 Ὀδυσεύς
236 5209 356 5292 φύλλοισι
366 5206 511 5288 καλύψατο·
522 5206 592 5288 τῷδ’
603 5205 644 5287 ἄρ’
656 5203 750 5277 Ἀθήνη

1073 395 1297 512 ὈὓΥθδΕΕ
1321 390 1357 513 Ὑί

832 573 932 624 Educta
942 575 1132 640 ublemerserat,
1142 593 1189 643 qua
1199 582 1222 630 ts
1230 586 1351 632 eructatur
1358 583 1470 647 additus,

832 660 869 710 lbi
879 664 1075 727 prsetematabat,
1085 667 1110 715 io
1119 670 1206 717 terram
1216 648 1341 732 spectans,
1350 671 1427 721 sicubi
1436 671 1553 724 inveniret

1556 468 1611 518 ³45

832 746 947 812 litoraque
955 751 1063 816 obliqua,
1073 760 1203 818 portusque
1212 757 1292 807 marla.

831 837 879 888 sed
887 840 984 901 quando
990 840 1040 901 jam
1048 841 1114 891 fluvii
1124 842 1155 891 ad
1163 844 1224 893 ostia
1233 844 1420 906 puterelluautls

831 931 972 987 pervenerat
980 933 1080 989 nauus,
1090 928 1122 978 ibi
1132 929 1231 979 demum
1240 931 1262 979 ei
1272 929 1385 983 visusesl
1394 932 1462 984 locus
1471 934 1592 999 optimus,

831 1009 901 1062 lieris
910 1014 1074 1077 seopulomm,
1085 1021 1110 1067 et
1118 1022 1228 1081 receptus
1237 1019 1315 1068 iuerat
1322 1025 1433 1082 a·reato;

831 1101 928 1160 amovit
937 1106 1017 1153 autem
1026 1103 1195 1167 profluentem,
1205 1109 1230 1155 et
1239 1106 1383 1170 supplicavit
1393 1121 1438 1157 suo
1449 1107 1474 1157 ln
1485 1109 1566 1160 animo
1577 1123 1584 1157 ι

863 1189 934 1249 Audi,
940 1203 993 1252 rex,
1001 1191 1111 1254 quisquis
1116 1206 1143 1242 es
1150 1209 1157 1252 ;
1165 1194 1371 1256 exoptatissimum
1377 1199 1458 1246 autem
1465 1196 1616 1256 ad-tereaio,

830 1274 923 1338 lugiens
931 1289 961 1327 ex
970 1283 1044 1340 ponto
1052 1280 1155 1342 Neptuni
1164 1280 1249 1330 minas.
1289 1343 1291 1346 .

830 1364 979 1414 Venerabilis
987 1366 1085 1428 quidem
1095 1372 1132 1417 est
1141 1368 1214 1417 etiam
1223 1368 1399 1419 inmortalibus
1408 1368 1468 1431 diis,

830 1450 954 1502 bominum
961 1453 1617 1519 quimnqueveneriterraas,quemadmodumegoaune

830 1538 939 1589 adinum
948 1539 1078 1603 fluentum,
1089 1547 1178 1605 tuaque
1187 1556 1264 1604 genua
1271 1543 1371 1604 acredo,
1380 1543 1482 1606 plurima
1490 1555 1584 1606 passus.

830 1625 877 1675 sed
885 1627 1011 1688 miserere,
1021 1642 1078 1690 ταις
1088 1630 1220 1693 supplicem
1229 1644 1287 1681 vero
1297 1630 1340 1679 tibi
1349 1630 1577 1695 meprotiteoresse.

861 1715 954 1764 sicait:
963 1715 1001 1766 ille
1008 1729 1066 1766 vero
1072 1718 1187 1766 mutiano
1193 1717 1366 1767 sedavitsaum
1374 1717 1490 1767 {laentum
1497 1753 1505 1779 ,
1512 1718 1629 1787 continu¹

829 1801 896 1864 itque
903 1802 1021 1868 ίίιιοειιως]
1030 1808 1055 1853 et
1061 1809 1117 1854 ante
1126 1805 1149 1855 ei
1158 1804 1214 1856 lecit
1221 1805 1425 1867 tranquillitatem,
1433 1804 1561 1869 ipsumque
1569 1819 1616 1855 ser·

830 1889 905 1953 savit]
915 1890 946 1939 ad
954 1891 1021 1939 tlavli
1030 1892 1091 1940 ostia
1102 1907 1107 1939 :
1119 1892 1159 1941 ille
1167 1905 1225 1941 vero
1234 1891 1320 1941 deinde
1329 1891 1484 1953 ambossenue
1493 1891 1573 1953 llexit,
1592 1954 1596 1961 Ι

830 1991 963 2040 manusque
973 1979 1077 2040 validns;
1087 1980 1146 2029 meri
1156 1980 1220 2029 euim
1229 1979 1392 2028 atilietuserat
1401 1992 1457 2028 caro
1467 1978 1546 2029 eorde.

829 2065 948 2115 'sumebat
957 2079 1014 2115 vero
1023 2080 1121 2130 corpore
1132 2071 1197 2128 toto;
1207 2079 1273 2116 mare
1282 2071 1362 2116 autem
1372 2065 1484 2114 manabat
1492 2066 1616 2129 copiosum

830 2165 873 2214 per
880 2165 969 2216 osque,
977 2166 1108 2216 naresque;
1119 2153 1168 2215 ipse
1178 2152 1448 2216 neronisque-anhelitu
1459 2158 1484 2202 et
1493 2165 1562 2202 -νοοε

827 2239 923 2301 jacebat
930 2240 1139 2290 viribus-deiectas
1150 2255 1156 2289 :
1167 2240 1304 2302 defatigatio
1313 2244 1393 2289 autem
1403 2254 1460 2290 eam
1473 2240 1603 2290 uehemens

830 2327 1109 2390 incessit.]sedqunudo
1117 2328 1166 2388 iam
1176 2328 1302 2390 respiravit
1311 2332 1335 2376 et
1345 2327 1370 2376 in
1379 2327 1561 2377 menteenlmas
1569 2327 1616 2377 ool·
1707 2317 1710 2323 ’

829 2414 976 2478 lectus-osb]
986 2419 1037 2463 turn
1048 2427 1107 2464 vero
1117 2415 1202 2464 vittam
1213 2428 1228 2463 a
1237 2428 1264 2463 se
1273 2414 1345 2463 solvit
1354 2414 1421 2473 deae,

831 2505 855 2551 et
864 2501 939 2563 ipsam
948 2501 972 2550 in
982 2502 1083 2555 darium
1092 2502 1342 2551 mari-semisaeutem
1355 2500 1468 2561 immisit;

829 2587 1619 2650 retroautemlllamierebatmegnustlactusperllaeotum.llico
1713 2588 1717 2596 '

830 2689 888 2726 vero
897 2676 948 2739 luo]
959 2678 1066 2740 suscepit
1075 2689 1133 2726 eam
1148 2675 1344 2736 mandassetis,
1355 2675 1394 2724 ille
1410 2679 1492 2724 sutem
1501 2688 1532 2725 ex
1540 2675 1614 2724 llario

830 2764 953 2827 amedeus]
960 2764 1034 2826 junco
1043 2763 1164 2822 incubuit,
1173 2763 1343 2824 osculatusque
1352 2767 1390 2812 est
1398 2761 1487 2811 είιτιειιι
1501 2767 1607 2812 terram:

831 2851 988 2914 ingemiscens
999 2854 1080 2901 auum
1089 2851 1145 2900 inde
1154 2850 1216 2899 dixit
1224 2850 1255 2899 sd
1264 2863 1336 2899 suum
1345 2862 1458 2910 magnum
1465 2849 1584 2898 animum:

861 2942 914 2989 ileu
923 2939 997 2998 mibi,
1006 2938 1065 3002 quid
1073 2938 1168 3001 patiar?
1177 2937 1236 3000 quid
1246 2937 1304 2985 milri
1314 2937 1455 2986 inlaturum
1462 2937 1535 2986 etiam
1546 2937 1605 2987 liat?

831 3027 962 3091 siquidem
972 3027 996 3075 in
1008 3027 1081 3077 llario
1090 3039 1188 3088 gravem
1194 3037 1243 3088 per
1253 3029 1351 3074 noctem
1358 3023 1523 3085 excubarem,
1632 3003 1639 3015 ’

832 3118 920 3174 timeo,
931 3127 960 3164 ue
970 3127 1008 3163 me
1017 3112 1089 3162 sunrrl
1098 3112 1220 3174 frigusque
1230 3111 1320 3160 malum
1330 3115 1355 3160 et
1363 3109 1463 3160 floridas
1475 3124 1515 3160 ros

830 3216 880 3266 prae
890 3202 1052 3251 imbecillitate
1060 3200 1185 3250 maliciam
1193 3199 1356 3261 exspirantem
1365 3199 1474 3247 animum
1486 3213 1493 3246 :

829 3303 888 3340 aura
897 3304 955 3339 aero
964 3303 994 3340 ex
1005 3289 1078 3338 liuvio
1086 3287 1171 3349 frigida
1180 3287 1256 3350 spirat
1264 3291 1319 3335 ante
1330 3299 1448 3335 auroram.

830 3375 855 3425 si
864 3389 921 3424 vero
930 3377 955 3425 in
964 3375 1056 3425 elisum
1065 3373 1197 3423 ascendens
1206 3377 1231 3422 et
1241 3373 1379 3423 umbrosam
1388 3373 1489 3434 eduam,

829 3464 933 3513 arbustis
943 3463 966 3512 iu
975 3461 1056 3512 densis
1064 3461 1198 3521 dormiero,
1208 3461 1228 3510 si
1238 3473 1278 3510 me
1287 3461 1376 3510 sineret

830 3548 1290 3613 trigueetlassitudo,1'ueundusautem
1300 3548 1358 3596 milri
1366 3560 1465 3596 somnus
1478 3545 1616 3609 obreperet:

831 3652 923 3698 vereor,
933 3651 963 3687 oe
973 3638 1029 3687 ieris
1037 3642 1137 3699 capture
1146 3640 1171 3685 et
1180 3633 1263 3698 praeda
1272 3634 1337 3683 dam.

860 3726 899 3775 Sic
908 3726 980 3786 igitur
988 3725 1011 3773 ei
1019 3723 1160 3773 deliberanti
1171 3722 1297 3771 visum-est
1307 3720 1390 3769 utilius
1398 3733 1468 3770 esse:

830 3814 1047 3877 protectusque-est
1052 3811 1086 3859 ire
1091 3810 1115 3858 ln
1121 3808 1285 3868 siluam;hnna
1290 3811 1371 3856 autem
1376 3818 1543 3869 propeaqaam
1548 3805 1612 3855 inra-

829 3900 873 3963 nit]
886 3901 910 3949 ln
919 3898 1124 3962 conspicuoloco3
1134 3896 1182 3946 duo
1191 3899 1272 3944 autem
1282 3894 1337 3943 inde
1346 3893 1419 3943 sublit
1427 3892 1539 3953 arbusta,

829 4003 859 4037 ex
870 3988 981 4038 unoloco
990 3990 1073 4047 enata,
1083 3985 1129 4045 boa
1139 3982 1237 4047 quidem
1245 3981 1355 4040 oleastri,
1365 3980 1424 4030 illud
1433 3983 1514 4028 autem
1523 3978 1591 4028 obse.

828 4080 886 4127 llaec
895 4076 992 4140 quidem
1001 4087 1045 4126 nee
1053 4077 1178 4124 ventorum
1186 4070 1269 4135 perilat
1279 4071 1316 4118 vis
1325 4067 1452 4117 humidum
1463 4065 1615 4130 spirantium,

828 4179 906 4228 neque
915 4177 1020 4228 uuquam
1031 4161 1070 4213 sol
1079 4160 1174 4211 lucidus
1184 4159 1256 4209 radiis
1265 4156 1429 4222 percutiebat,

828 4266 905 4316 neque
914 4250 990 4300 imber
999 4247 1138 4312 penetrabat
1146 4244 1241 4308 penitus
1253 4259 1259 4291 :
1271 4243 1374 4292 sicsine
1385 4240 1460 4290 densa

828 4341 931 4390 invicem
940 4331 1434 4388 creveruntalterumalteri·iutertextum;
1444 4339 1499 4391 qaae
1514 4326 1613 4389 Ulyssee

828 4427 915 4488 subiit;
925 4425 1053 4488 statuque
1062 4421 1140 4472 cubile
1148 4419 1279 4481 eorrqressit
1292 4416 1402 4467 manibus
1411 4415 1473 4464 caris

827 4515 903 4564 latum
916 4529 921 4562 :
933 4513 1043 4563 loliorum
1052 4510 1116 4560 enim
1127 4512 1178 4558 erat
1188 4502 1387 4569 lapserumeopla
1397 4501 1456 4551 setis
1466 4512 1565 4563 magna,

827 4608 944 4667 quantum
953 4601 992 4650 vel
1001 4600 1076 4659 duos,
1087 4598 1184 4647 veltres
1195 4596 1259 4644 viros
1270 4596 1360 4654 tegeret

827 4694 969 4754 tempestate
977 4687 1090 4747 hiberna,
1099 4684 1195 4736 etiamsi
1204 4682 1242 4732 vel
1252 4678 1383 4729 admodum
1391 4690 1422 4728 eu
1432 4676 1537 4727 manee

827 4779 870 4830 llle
877 4777 974 4843 quidem
983 4778 1111 4838 conspecta
1119 4772 1264 4835 gavisusest
1272 4767 1363 4817 audens
1371 4765 1468 4815 divinus
1477 4764 1593 4826 Ulysses:

827 4866 850 4915 iu
859 4864 939 4915 medio
945 4866 1024 4912 autem
1031 4859 1157 4918 decubuit,
1163 4857 1304 4920 copiamque
1311 4852 1482 4917 superingessit
1489 4851 1608 4901 loliorum.

826 4958 858 5004 Ut
866 4958 946 5004 autem
955 4962 1030 5014 quarn
1039 4947 1125 5011 aliquis
1135 4950 1222 4995 torrem
1232 4943 1346 4993 innume
1354 4940 1505 4992 absconderit
1515 4939 1596 5001 nigro,

824 5042 874 5105 egri
881 5043 906 5090 in
914 5037 1077 5096 extremitate,
1086 5034 1125 5085 eui
1135 5047 1182 5083 nou
1191 5032 1280 5082 adsunt
1288 5030 1360 5081 vieini
1368 5030 1408 5079 alii
1413 5064 1422 5090 ,

824 5116 1467 5190 senneniqniaservaasmtnequaaliaudeiuoeudat:

802 5255 806 5278 ,
824 5219 859 5269 sic
868 5217 966 5281 ulysses
976 5214 1038 5264 loliis
1047 5210 1178 5265 reobuxit
1190 5227 1196 5259 ι
1207 5209 1352 5260 lraleautem
1361 5206 1468 5256 llinerva
