3570 5932
385 427 563 489 ΙΔΙΔΔΟΣ
582 431 618 491 Θ.

105 550 111 561 '
184 550 278 631 Τρῶες
287 546 334 606 καί
342 546 435 608 Λύκιοι
443 547 490 607 καὶ
498 547 627 630 Δάρδανοι
636 551 836 630 ἀγχιμαχηται,

149 632 234 718 ἐνίρες
243 633 318 707 ίστε,
330 633 401 716 ρίλοι
411 679 418 708 ,
429 634 564 713 μνήσασθε
574 637 601 696 δέ
612 637 726 719 θούριδος
734 643 824 712 ἀλκῆς·

109 721 318 802 ιιγιγνύσιιωδ
327 720 421 799 ότιμοι
429 722 552 804 πρόρρων
561 724 699 784 κατένευσε
709 726 826 809 Κρονίων

148 807 219 881 νίκην
228 809 276 868 καὶ
289 809 357 889 μίγα
367 811 457 882 κῦδος,
467 809 533 891 ἀτθιρ
542 811 669 871 Δαναοῖσί
678 835 707 892 γε
716 819 803 892 πῆμα·

89 954 91 961 ,
149 896 231 968 πίπτοι
241 897 268 957 σί
278 898 330 977 ἀρε
340 896 373 968 δὴ
382 896 445 957 τάδε
454 897 543 978 τείχεα
555 898 740 978 μηχανόωντο,

89 996 93 1043 ἰ
150 987 270 1069 ἐύλνίχρζ
279 985 447 1070 σιἰδενόςωρα·
459 985 494 1046 sd
503 989 526 1046 δ’
536 991 566 1048 ού
577 988 652 1067 μένος
661 989 728 1068 ἀμὸν
738 990 829 1072 ἐρύξει·

150 1074 217 1136 kmi
229 1077 259 1134 δὲ
272 1075 319 1159 pin
328 1075 425 1159 τάρρον
434 1077 630 1160 ὑπερθορέονται
639 1081 759 1162 ὀρυκτήν.

89 1166 91 1171 ’
118 1164 211 1226 Ιδλλ
220 1163 266 1222 ὅτι
275 1187 321 1223 κεν
330 1163 363 1236 δὴ
373 1165 462 1237 νηυσίν
474 1164 517 1224 ίπι
526 1169 675 1248 γλαρυρῇσι
684 1168 816 1249 γένωμαι,

151 1250 299 1331 μνημοσύνη
309 1275 348 1319 τις
356 1251 448 1312 ίπιιτα
456 1253 538 1336 πυρὸς
549 1252 632 1327 δηίοιο
640 1255 769 1335 γενέσθω,

149 1340 248 1423 &erupi
255 1344 321 1412 νῆας
330 1340 475 1424 ἐνιπρήσω,
485 1341 578 1402 κτείνω
588 1341 615 1402 δὲ
624 1343 671 1403 καί
682 1344 783 1413 αύτούς.

150 1426 293 1509 [Ἀργείοις
301 1426 375 1510 παρδι
383 1428 481 1501 νηυσίν,
494 1429 664 1509 ἀτυζομένους
673 1431 725 1491 ὑπὸ
733 1434 856 1510 καπνοῦ]

177 1513 323 1583 Ὣςεέπδιν
331 1513 450 1575 ἵπποισιν
459 1517 580 1577 ἐκέκλιτο
590 1517 708 1600 ρύνησέν
716 1544 754 1579 τε·

1148 432 1318 498 titanis
1339 439 1433 498 viil.
1650 454 1686 503 81

944 554 1037 616 Troiani
1046 561 1069 604 et
1079 556 1143 618 Lycii
1152 561 1176 606 et
1184 557 1288 607 Dardani
1297 559 1558 622 cominus-pugnantes,

912 639 957 688 viri
966 646 1054 702 estote,
1063 643 1135 692 amici
1144 680 1151 705 ,
1160 649 1305 696 mementote
1313 650 1394 696 auteur
1404 651 1507 697 strenuas
1517 647 1670 701 tortitudinis.

912 728 991 776 sentio
1000 742 1069 791 vero,
1079 731 1142 792 quud
1152 731 1209 780 mihi
1218 732 1304 782 iubens
1312 733 1396 783 annuit
1409 735 1533 784 Saturnius

912 813 1036 864 victoriam
1045 821 1070 866 et
1079 831 1188 880 inaquam
1198 820 1309 881 gloriam,
1317 825 1342 870 ot
1351 821 1440 870 Danais
1449 821 1549 871 exitium
1560 839 1567 872 :

912 901 992 961 stulti,
1001 888 1147 967 quiquidem
1156 905 1200 955 tros
1209 920 1291 956 muros
1302 907 1387 971 (ualli)
1398 912 1551 971 struxerunt,

911 985 1029 1051 intumos,
1038 993 1235 1052 contemnendos,
1245 994 1286 1057 qui
1296 1007 1343 1043 non
1354 994 1427 1045 robur
1435 1010 1515 1047 nicam
1525 998 1654 1061 arcebunt;

911 1076 965 1139 equi
975 1091 1030 1127 vero
1040 1079 1107 1129 tacite
1116 1081 1204 1130 iussam
1215 1082 1358 1143 transilient,
1368 1084 1623 1145 quam-tili·ioderunt.

910 1167 1001 1214 Verum
1009 1167 1104 1230 quando
1110 1167 1160 1229 jorn
1169 1181 1242 1218 navas
1251 1169 1281 1217 ad
1290 1182 1361 1218 cavas
1370 1184 1513 1235 pervenero,

911 1254 1023 1303 nunoria
1032 1254 1112 1318 aliqua
1121 1260 1172 1305 tum
1181 1255 1242 1319 ignis
1251 1256 1356 1306 ardentis
1365 1261 1429 1319 esto,

910 1345 937 1388 ut
947 1340 999 1400 ipro
1007 1355 1081 1391 naves
1091 1343 1229 1404 incendere,
1239 1343 1376 1394 interim
1385 1350 1465 1396 autem
1474 1350 1499 1396 et
1509 1347 1582 1410 ipsos.

909 1425 1018 1490 [argivos
1027 1431 1091 1493 apud
1099 1444 1185 1491 naves,
1194 1431 1329 1481 attonitoss
1339 1431 1422 1496 ioum]

939 1525 978 1574 Sic
986 1525 1062 1586 tatus,
1071 1540 1145 1590 equos
1154 1527 1293 1577 adhortatus
1300 1533 1351 1589 est,
1361 1528 1469 1591 dixitque
1479 1546 1484 1578 ι

89 1644 92 1687 5
110 1603 227 1664 ΙΕάνθε
238 1626 269 1662 τε
277 1603 325 1662 καί
334 1601 376 1676 σὺ,
387 1602 518 1685 Πόδαργε,
525 1605 571 1663 καὶ
580 1605 667 1666 Λίθων
673 1608 804 1685 Δάμπετι
815 1609 867 1682 δῖε,
908 1611 1047 1674 Xanthoque
1056 1619 1080 1663 et
1089 1619 1128 1674 tu,
1138 1615 1255 1678 Podarge,
1264 1619 1289 1665 et
1298 1614 1396 1676 AEtiron,
1406 1619 1542 1680 Lampeque
1550 1615 1642 1680 divine,

141 1698 183 1752 νῦν
195 1715 244 1771 μοι
252 1690 303 1763 την
311 1691 424 1770 κομιδὴν
433 1691 592 1766 ἀποτίνετον,
602 1693 634 1765 ἣν
644 1696 717 1772 μάλα
726 1695 827 1768 πολλὴν

141 1778 322 1861 Ἀνδρομάχη,
333 1778 448 1861 θιγάτηρ
459 1779 635 1863 μεγαλήτορος
645 1782 796 1857 Ἠετίωνος,

140 1872 200 1946 ύμῖν
208 1866 267 1948 πάρ
277 1865 426 1949 προτέροισι
435 1867 577 1949 μελίρρονα
586 1868 669 1950 πυρὸν
678 1869 777 1943 ἔθηκεν,

142 1947 227 2037 [οἶνόν
235 1956 259 2013 τ’
270 1953 435 2035 ἐγκεράσασα
447 1963 527 2026 πιεῖν,
536 1953 579 2013 ὅτε
588 1955 666 2034 θυμδς
675 1956 769 2036 ἀνώγοι
775 1958 796 2035 ,]

98 2063 128 2103 ιιι
137 2041 238 2121 ἢέμοί,
247 2039 326 2123 δςπιρ
334 2044 358 2099 οί
368 2040 474 2122 θαλερὸς
483 2040 559 2109 πόσις
568 2041 679 2123 εὔχομαι
688 2035 762 2104 εἶναι.

137 2130 207 2191 Ἀλλ’
219 2132 408 2210 ἐφομαρτεῖτον
419 2128 464 2186 καί
474 2127 623 2202 σπεύδετον,
634 2131 664 2189 αί
671 2155 701 2190 κε
709 2131 833 2210 λάθωμεν

137 2215 239 2277 ἀσπίδα
250 2216 409 2297 Νεστορέην,
420 2220 467 2287 τῆς
477 2222 522 2274 νῦν
535 2214 609 2284 κλέος
618 2218 726 2300 οὐρανὸν
735 2217 799 2291 ἵκει,

135 2313 227 2363 αἶσαν
235 2302 362 2383 χρυσείην
372 2301 476 2379 ίμεναι,
485 2301 595 2370 κανόνας
603 2328 631 2363 τε
639 2304 684 2363 καί
693 2307 783 2377 αὐτήν·

136 2390 222 2474 ιέιεθρ
232 2393 280 2449 ἀπ’
290 2389 384 2469 ὤμοιϊν
392 2390 535 2468 Διομήδεος
544 2392 716 2471 ἱπποδάμοιο,

96 2499 127 2539 us
137 2478 277 2540 δαεδῦιεον
285 2479 407 2560 θώρηκα,
416 2478 462 2536 τδν
471 2477 619 2561 Ἥραιστος
628 2479 697 2557 κάμε
706 2479 815 2560 τεύχων.

136 2568 169 2628 Ei
178 2563 268 2625 τούτω
276 2588 307 2623 κε
316 2563 452 2642 λάθοιμεν,
462 2563 604 2642 ἀελποίμην
619 2590 664 2625 κεν
672 2567 790 2648 Ἀχαιοὺς

137 2653 260 2733 amenti
271 2656 340 2725 νηῶν
349 2650 508 2729 ἓπιθησέμεν
518 2653 643 2712 ὠκειάων.

172 2739 859 2827 Ὧςέρστέύχόμενος.-ΝεμέσηοεδίπότνιαἭρη,

140 2829 242 2889 σείσατο
251 2831 275 2887 δ’
285 2830 333 2887 atui
342 2827 437 2910 θρόνῳ,
447 2826 542 2896 ἐλέλιξε
553 2828 581 2888 δέ
592 2829 691 2911 μακρὸν
707 2828 858 2912 Ὄλυμπον·

100 2916 180 2976 mxci
192 2921 227 2996 ρα
239 2914 426 2985 Ποσειδάωνα,
437 2913 520 2994 μέγαν
530 2916 597 2989 θεὸν,
608 2916 694 2976 ἀντίον
703 2917 780 2990 ηὔδα·

907 1713 971 1748 nunc
981 1701 1039 1750 mihi
1050 1703 1321 1766 alimentorrunprroniia
1329 1703 1464 1767 rependite,
1473 1718 1528 1767 quae
1537 1705 1655 1768 permulta

907 1787 1085 1850 Andromedae,
1094 1790 1142 1840 tilia
1153 1790 1295 1852 magnianimi
1306 1790 1424 1851 Eetionis,

906 1874 975 1925 vohis
984 1877 1113 1939 prioribus,
1123 1891 1197 1927 suave
1206 1877 1322 1938 triticum,
1332 1878 1454 1941 apposuit,

907 1963 1046 2027 [sinumque
1057 1965 1192 2015 inaniscens
1203 1965 1345 2024 bibendum,
1354 1965 1449 2026 quando
1458 1964 1552 2015 ammio
1560 1966 1658 2029 jubebat
1664 1968 1681 2030 ‚J
1699 2013 1702 2023 ,

906 2062 979 2110 ουτοι
988 2050 1058 2110 mitri,
1067 2051 1108 2114 qui
1118 2050 1140 2099 ei
1150 2050 1271 2101 florentem
1281 2065 1320 2101 me
1330 2053 1442 2101 maritum
1451 2053 1561 2115 profiteor
1569 2067 1630 2104 esse.

905 2139 995 2185 Verum
1005 2137 1154 2201 insequimini
1163 2143 1187 2188 et
1197 2139 1318 2199 festinate,
1328 2139 1349 2188 si
1358 2139 1418 2189 torte
1427 2140 1550 2202 capiamus

904 2223 1015 2287 clypeum
1023 2228 1175 2285 Nestoream,
1191 2225 1332 2287 cuiusnunc
1342 2226 1538 2278 iamnadcoeium
1547 2228 1666 2290 pervenit,

906 2315 981 2360 totum
990 2326 1090 2362 aureum
1100 2325 1165 2373 esse,
1173 2327 1291 2375 ansasque
1300 2317 1325 2362 et
1335 2313 1413 2376 ipsum
1425 2329 1431 2362 :

904 2403 976 2461 atque
985 2400 1016 2448 ab
1025 2401 1130 2449 inumeris
1140 2400 1261 2450 Dionredis
1270 2399 1506 2463 equum-domitoris,

904 2485 1088 2536 utiabra-tactum
1109 2486 1242 2547 thoracem,
1258 2500 1329 2550 quem
1345 2487 1468 2538 Vulcanus
1483 2487 1601 2538 laborarit
1616 2489 1681 2538 isiari-

903 2572 979 2634 ωηο]
992 2573 1016 2624 Si
1026 2573 1136 2622 iraecduo
1145 2574 1290 2638 ceperimus,
1300 2575 1445 2638 speraverim
1455 2576 1559 2626 Achivos

904 2660 1083 2724 haoipsa-nucte
1092 2674 1166 2710 naves
1175 2674 1347 2710 conscensuros
1357 2662 1460 2711 veloces.

934 2749 974 2800 Sic
983 2748 1044 2798 dixit
1053 2748 1162 2811 glorians.
1173 2748 1345 2810 indignata-est
1353 2753 1433 2797 οιιῑειιι
1445 2749 1579 2799 veneranda
1587 2754 1665 2810 iuuo,

902 2836 1113 2899 commovitque-se
1122 2837 1146 2885 in
1156 2836 1228 2896 sotio,
1239 2835 1414 2898 tremeiocitque
1423 2835 1498 2885 iatum
1507 2837 1638 2900 Olympum
1647 2853 1654 2886 :

902 2930 927 2975 et
933 2925 982 2987 ism
991 2928 1140 2987 Neptunum,
1150 2938 1262 2986 magnrsm
1271 2924 1356 2984 deum,
1365 2936 1444 2972 coram
1453 2923 1602 2973 allocuta-est
1612 2940 1618 2972 :

172 3000 310 3072 Ὡπόποι,
320 3001 478 3080 Ἐννοσίγαέ
487 3002 642 3084 εύρυσθενές,
652 3003 712 3063 οὐδέ
720 3030 749 3064 νυ
759 3008 800 3067 σοί
810 3032 859 3092 περ
932 3013 970 3063 Dii
978 3013 1032 3062 boni
1039 3049 1046 3073 ,
1054 3016 1271 3075 terrm-quassator
1281 3011 1436 3073 late-potens,
1447 3025 1523 3060 nonno
1532 3011 1574 3060 tibi
1583 3011 1678 3074 quidem

137 3089 287 3168 θλλυμένιον
296 3092 408 3148 Δαναῶν
417 3086 571 3169 ἀλορύρεται
581 3093 608 3149 ἐν
620 3092 694 3172 ρρεσὶ
704 3093 797 3171 θυμός;

137 3182 160 3237 εί
169 3177 197 3237 δέ
206 3201 249 3238 τοι
259 3179 295 3244 είς
304 3175 415 3248 Ἑλίκην
423 3199 451 3234 τε
461 3175 507 3235 καί
517 3175 599 3256 stipi,
609 3180 669 3261 δῶρ’
681 3180 819 3260 ἀνάγουσιν

117 3296 119 3305 2
137 3265 222 3325 πολλά
232 3288 263 3323 τε
271 3262 317 3321 καί
325 3261 460 3344 χαρίεντα·
472 3261 504 3322 σίν
515 3262 543 3322 δέ
552 3287 624 3347 opici
635 3266 727 3345 βούλεο
736 3269 818 3343 νίκην.

104 3351 215 3434 αεΕίπερ
224 3350 277 3432 γάρ
286 3353 312 3409 κ’
323 3349 462 3428 ἐθέλοιμεν,
473 3348 529 3411 όσοι
539 3357 679 3412 Δαναοῖσιν
691 3358 798 3437 ἀρωγοὶ,

136 3441 228 3520 Τρῶας
237 3437 395 3497 ἀποίσεσθαι
404 3437 450 3497 καί
460 3437 585 3520 ἐρυκέμεν
594 3442 622 3498 εὖ
640 3439 708 3500 ύοπα
719 3446 793 3519 Ζῆν’,

137 3527 212 3584 σύτοῦ
223 3526 250 3583 κ’
260 3522 311 3583 ἀνθ’
321 3524 448 3604 ἀκάχοιτο
459 3527 604 3599 καθήμενος
614 3551 628 3586 ο
674 3531 701 3587 ἐν
711 3526 778 3608 'lap

172 3610 230 3683 Τὴν
242 3607 271 3670 δέ
281 3609 340 3689 μέγ’
346 3611 460 3690 ὀχθήσας
468 3611 581 3694 προςέρη
588 3613 680 3695 κρείων
688 3616 855 3698 Ἐνοσίχθων·

136 3696 204 3780 Ἥρη
214 3698 358 3769 waste,
367 3706 442 3758 ποῖον
450 3698 496 3758 τόν
506 3706 585 3776 μῦθον
595 3701 686 3769 ἔειπες.

104 3804 128 3844 ιιι
137 3789 191 3846 (δίε
201 3786 234 3846 δν
243 3783 321 3864 ἔγωγ’
332 3784 445 3864 ἐθέλοιμι
454 3787 498 3849 Διί
509 3788 637 3868 Κρονίωνι
648 3789 778 3870 μάχεσθαι

138 3870 285 3951 ἡμίαςτοθς
294 3870 403 3945 ἄλλους,
415 3871 489 3945 ἐπειὴ
499 3872 566 3932 πολὺ
578 3874 699 3957 φέρτερός
707 3880 785 3938 ἐστιν.

170 3958 253 4026 ‘ssent
263 3959 311 4035 μὲν
319 3964 428 4017 τοιαῦτα
437 3957 502 4041 πρδς
511 3960 639 4031 άλληλους
649 3962 781 4044 ἀγόρευον.

138 4049 192 4107 Τῶν
201 4048 236 4118 δ’,
246 4043 306 4104 δέον
315 4047 345 4104 ἐκ
354 4050 422 4118 νηῶν
431 4046 484 4106 ἀπδ
492 4046 591 4128 πύργου
600 4049 696 4133 τάρρος
706 4050 802 4133 ἔεργεν,

136 4136 228 4206 πλῆθεν
238 4136 310 4211 ὁμῶς
320 4130 395 4192 ίππω
405 4157 433 4192 τε
443 4133 488 4193 καί
498 4136 596 4217 ἀνδρῶν
606 4137 758 4197 ἀσπιστάων

103 4235 129 4278 us
136 4221 277 4300 ιίλομένων·
288 4219 352 4278 ιίλιι
364 4218 392 4279 δὲ
402 4226 453 4303 θοῷ
462 4221 605 4290 ἀτάλαντος
614 4219 690 4305 Ἄρηϊ

136 4306 238 4390 Ἕκτωρ
248 4306 413 4388 Πριαμίδης,
423 4306 466 4367 ότι
475 4312 499 4368 οἱ
509 4307 574 4377 Ζεὺς
582 4312 658 4379 κῦδος
667 4310 770 4371 ἔδωκεν.

137 4398 184 4459 Καί
194 4395 226 4456 νύ
236 4398 261 4455 κ’
271 4395 412 4477 ἐνέπρησεν
425 4397 487 4480 πυρὶ
498 4397 585 4480 κηλέῳ
594 4404 657 4471 νῆας
666 4398 749 4471 ἐίσας,

136 4483 201 4565 τίμὴ
210 4483 256 4545 ἐπὶ
264 4483 340 4565 φρεσί
349 4485 405 4555 θῆκ’
417 4483 589 4562 Ἀγαμέμνονι
598 4484 691 4545 πότνια
700 4486 789 4570 Ἥρη,

135 4574 200 4655 αύτῷ
207 4569 383 4631 ποιπνύσαντι
393 4575 457 4638 θοῶς
465 4574 570 4654 ὀτρῦναι
580 4572 706 4654 Ἀχαιούς.

100 4659 164 4733 uidi
174 4661 197 4719 δ’
208 4657 277 4718 ἰέναι
285 4656 358 4740 παρά
367 4681 395 4716 τε
405 4658 508 4726 κλισίας
516 4658 562 4717 καί
570 4664 634 4732 νῆας
643 4660 768 4740 Ἀχαιῶν,

134 4744 274 4828 πορφύρεον
285 4744 352 4823 μέγα
362 4753 442 4826 φᾶρος
452 4743 519 4825 ἔχων
529 4749 555 4805 ἐν
563 4746 632 4828 χειρί
641 4747 749 4828 παχείῃ·

133 4840 178 4907 στῆ
188 4836 212 4894 δ’
221 4834 264 4894 ἐπ’
274 4833 419 4904 Ὀδυσσῆος
428 4834 573 4912 μεγακήτεϊ
583 4833 626 4906 νηί
635 4834 760 4913 μελαίνῃ,

133 4920 178 5005 ἦρ’
189 4925 218 4981 ἐν
227 4918 352 5001 μεσσάτῳ
362 4918 436 4993 ἐσκε,
446 4920 593 5000 γεγωνέμεν
603 4921 780 5005 ἀμφοτέρωσε·

130 5005 205 5087 [ἠμέν
214 5008 257 5068 ἐπ’
267 5007 377 5075 Αἴαντος
385 5007 487 5080 κλισίης
496 5008 704 5087 Τελαμωνιάδαο

96 5104 124 5148 aa
131 5095 169 5166 ἠδ’
179 5095 221 5155 ἀπ’
232 5093 375 5173 Ἀχιλλῆος·
385 5094 426 5152 τοί
435 5097 457 5177 ῥ’
469 5094 569 5174 ἔσχατα
579 5100 642 5167 νῆας
650 5093 720 5164 ἐίσας

131 5179 244 5263 ιίρεσαν,
252 5179 347 5261 ἠνορέη
355 5179 457 5261 πίσυνοι
466 5182 511 5241 καὶ
520 5180 611 5264 κάρτεϊ
617 5185 733 5266 χειμῶν’]

902 3101 1052 3163 pereuntium
1061 3104 1197 3150 Danaorum
1207 3099 1337 3148 miserescit
1346 3098 1370 3146 in
1379 3097 1520 3160 praecordiis
1530 3099 1641 3148 animus?

901 3189 942 3251 qui
952 3193 1030 3237 tamen
1039 3188 1082 3237 tibi
1094 3186 1124 3236 ad
1135 3187 1281 3248 Helicenque
1290 3191 1314 3234 et
1326 3189 1396 3247 AEgas
1405 3185 1467 3235 dona
1478 3186 1556 3234 ierunt

901 3275 1023 3338 multoque
1032 3279 1057 3324 et
1065 3275 1181 3337 elegantia
1191 3290 1196 3323 :
1207 3278 1233 3322 tu
1244 3287 1300 3322 veru
1312 3270 1369 3336 ipsis
1379 3273 1462 3336 cupias
1474 3273 1609 3322 victorious.

901 3363 1024 3425 Siquidem
1033 3363 1097 3412 enirn
1107 3362 1221 3423 velimus,
1234 3364 1351 3423 quotquot
1360 3361 1449 3410 Danais
1458 3360 1563 3411 fautores
1571 3374 1676 3420 sumus,

900 3451 1013 3513 Troianos
1022 3450 1145 3513 repetiere,
1153 3453 1178 3498 et
1186 3461 1292 3497 coercere
1300 3448 1483 3497 late-sonantem
1492 3451 1590 3505 torem,

899 3539 947 3589 iilic
955 3552 1012 3588 sane
1022 3542 1078 3587 tunc
1091 3537 1222 3587 tristaretur
1231 3535 1316 3585 sedens
1325 3535 1391 3584 solus
1400 3534 1480 3585 inlda.

925 3630 1073 3676 iiancautem
1079 3624 1148 3674 vaide
1153 3623 1405 3674 dotensaliocutusost
1410 3637 1451 3671 rex
1458 3626 1675 3680 Quassatocterrne:

899 3717 962 3763 Juno
970 3712 1178 3775 intrepida-dictis,
1191 3711 1285 3773 qualem
1297 3710 1361 3759 hunc
1370 3723 1503 3759 sermonem
1512 3709 1605 3760 dixisti!

899 3804 951 3851 tion
959 3801 1069 3863 equidem
1082 3800 1153 3849 selim
1162 3814 1217 3848 cum
1229 3803 1290 3849 Jove
1301 3799 1410 3847 saturnio
1420 3811 1523 3861 pugnare

899 3902 943 3937 nos
952 3889 1023 3949 ulios,
1034 3888 1146 3951 quoniam
1157 3887 1224 3949 louge
1235 3886 1353 3949 potentior
1362 3893 1405 3935 est„

929 3977 967 4028 Sic
976 3976 1001 4025 ini
1011 3976 1108 4038 quidem
1121 3976 1176 4025 tatia
1185 3975 1216 4023 ad
1225 3974 1365 4023 seinvicem
1375 3973 1540 4035 loquebantur.

899 4063 1365 4127 iiisautem(Groecis)‚quantumspotii
1377 4059 1678 4109 indeanaribusmuriios·

899 4165 926 4200 sa
935 4150 1058 4221 seclqsit,]
1069 4150 1229 4212 repletumest
1240 4149 1327 4210 pariter
1336 4147 1452 4210 equisque
1459 4151 1482 4196 et
1491 4146 1549 4194 viris
1561 4147 1675 4206 scutatis,

898 4239 1171 4299 coactis-iu·angustum;
1180 4236 1278 4299 cogebat
1285 4249 1341 4285 vero
1353 4248 1394 4284 eos
1405 4233 1482 4284 veloci
1492 4246 1534 4295 par
1543 4232 1613 4282 Marti

898 4330 985 4376 Hector
995 4325 1137 4386 Priamides,
1148 4324 1243 4388 quando
1254 4323 1276 4373 ei
1285 4322 1379 4385 iupiter
1389 4321 1488 4384 gloriam
1497 4319 1570 4369 dedit.

898 4415 985 4476 Etiam
996 4418 1171 4464 concremasset
1183 4412 1235 4475 igne
1244 4410 1336 4461 ardenti
1347 4423 1422 4459 nares
1433 4408 1551 4471 uquam,

897 4502 943 4551 nisi
951 4502 975 4551 in
985 4505 1063 4552 mente
1071 4503 1191 4564 posuisset
1203 4500 1370 4562 Agamemnoni
1381 4495 1515 4546 veneranda
1523 4499 1588 4546 tuno

897 4591 942 4653 ipsi
953 4589 1206 4652 studiose-properanti
1214 4601 1289 4649 ocyus
1298 4586 1395 4634 incitare
1406 4583 1518 4633 Achivos.

896 4677 1153 4726 Proiomusestautem
1161 4676 1194 4725 ire
1203 4674 1233 4723 ad
1242 4672 1390 4735 tentoriaque
1398 4677 1422 4721 et
1429 4685 1503 4722 naves
1514 4672 1672 4728 Achivorum,

896 4778 1041 4828 purpureum
1051 4778 1163 4825 magnum
1172 4762 1269 4825 pallium
1278 4765 1361 4809 tenens
1370 4760 1394 4808 in
1403 4773 1476 4809 manu
1486 4759 1602 4810 robusta:

896 4853 963 4901 stetit
971 4866 1028 4901 vero
1037 4852 1061 4900 in
1071 4851 1164 4913 tiiyssis
1173 4847 1261 4911 ingenti
1271 4860 1332 4897 nave
1343 4847 1421 4910 nigra,

895 4939 988 5002 quaein
995 4938 1139 4998 medioerat,
1147 4935 1449 4986 utexaudireturclamans
1455 4934 1671 4997 inutramqaequr

896 5032 944 5077 tem
950 5025 966 5089 ,]
980 5026 1013 5089 [et
1022 5024 1053 5073 ad
1063 5024 1139 5086 ajacis
1148 5022 1275 5072 tentorium
1287 5022 1460 5082 Telamonidae,

894 5119 919 5163 et
927 5111 1077 5174 adsciriiiis,
1086 5110 1128 5174 qui
1137 5109 1233 5173 quidem
1242 5110 1387 5161 adextrema
1399 5123 1472 5158 naves
1481 5107 1586 5170 aequales

895 5199 1074 5262 subduxerant,
1083 5199 1173 5249 virtute
1182 5197 1235 5249 ireti
1244 5201 1269 5248 et
1277 5198 1361 5248 rubore
1370 5209 1483 5246 inanuum
1490 5193 1508 5258 3]
