3570 5932
260 440 507 502 ΟΔΥΣΣΕΙΑΣ
531 445 565 503 Τ.

10 592 16 599 ·
74 571 160 633 Ἔνθα
171 569 286 632 δυώδεκα
297 573 343 652 μὲν
354 576 430 652 μένον
440 577 530 654 ἤματα
540 579 589 636 δῖοι
599 577 707 658 Ἀχαιοί·

14 677 58 717 arro
74 661 139 719 εἴλει
149 660 199 742 γὰρ
211 660 308 742 Βορέης
316 661 410 740 ἄνεμος
420 662 501 741 μέγας
509 665 563 723 οὐδ’
573 665 616 724 ἐπὶ
628 665 690 747 γαίη

74 748 116 806 ata
127 748 257 808 ἵστασθαι·
267 749 383 829 χαλεπὸς
392 749 420 809 δι’
429 775 467 819 τις
476 750 556 835 σἰρσρε
568 753 678 832 δαίμων·

72 835 313 917 τῇτριςκαιδεκάτη
324 837 346 895 δ’
357 838 449 915 ἄνεμος
457 838 530 898 πέσε·
539 840 580 898 τοι
590 841 612 899 δ’
622 836 755 918 ἀνάγοντο.

113 922 185 983 Ἴσκε
195 923 290 1004 ψεύδεα
300 924 386 983 πολλὰ
395 924 487 1003 λέγων,
498 925 629 1005 ἐτύμοισιν
640 932 726 1006 ὁμοῖα·

72 1012 227 1092 τῆςδ’άρ”
213 1010 465 1093 ακουούσηςρίεδάκ
467 1013 670 1094 ρυα,τ·ίκετοδὲ
678 1012 755 1096 χρύις.

15 1113 58 1153 bos
73 1096 160 1164 ’έΩςδ
167 1098 400 1211 χιὼνκατατιίκετ’
410 1102 480 1159 ἐνάκ
482 1099 653 1181 ροπόλοισινό
653 1125 749 1210 ρεσριν,

72 1183 129 1254 ἧντ’
141 1177 182 1245 Ec
184 1185 383 1266 ροςκατέτηξευ,
394 1186 459 1259 ἐπὴν
469 1124 583 1270 Ζρέφυρος
592 1186 735 1268 καταχεύῃ

70 1272 276 1386 τηκομένηςδ“’
259 1298 275 1332 α
278 1274 624 1355 ρατῆςπαταμολπλήθσυσι
636 1274 742 1358 δέοντες·

70 1360 150 1428 ὣς
116 1385 163 1432 της
171 1362 265 1433 τηκετο
274 1361 344 1421 κοιλδι
353 1362 454 1444 παρηισ
464 1361 668 1446 δακρυχεούσης,

13 1449 214 1521 κλαιούσης
223 1450 263 1508 ἑὸν
273 1449 354 1531 ἄνδρα
364 1450 524 1532 παρήμενον.
535 1450 625 1531 Αὐτὰρ
635 1449 775 1518 Ὀδυστιθς

20 1551 56 1593 am
70 1540 146 1627 θιμῷ
156 1536 259 1615 μέν’
213 1538 369 1616 γοσωσαν
340 1538 369 1610 8
371 1563 384 1597 ν
394 1539 437 1599 ἔλ
437 1562 493 1619 ιιιρε
502 1547 627 1684 γυναῖδκα,

68 1623 298 1703 δφθαλμοιδὼςεί
307 1625 371 1706 κέρα
382 1623 494 1686 ἕστασαν
504 1624 660 1735 ἠιοιγρος,

68 1708 187 1789 ἀτρέμας
197 1713 222 1769 ἐν
228 1711 396 1824 βλεφάροισι·
389 1712 505 1795 ·δολῳδ’
514 1712 618 1792 ὅγεδάκ
584 1737 667 1795 ακρυα
677 1717 773 1772 κεῦθεν.

68 1795 105 1857 Η
115 1798 139 1855 δ
149 1790 243 1856 ἔπιδ’
214 1822 257 1857 ουν
268 1799 368 1883 τάρφθη
378 1801 582 1884 πολυδακρύτοιο
592 1800 675 1878 γόοιο,

66 1884 171 1952 ἐξαῦτίς
180 1911 224 1963 μιν
234 1887 339 1947 ἔπεσσιν
349 1889 508 1968 ἆμειόομένη
519 1912 582 1971 προς
556 1888 675 1957 ος·έειπιν

10 1989 51 2029 aa
109 1974 328 2051 Νῦνμὲνδησευ,
342 1977 481 2055 ξεῖνέγ’ὀ,
473 2003 503 2036 ιω
512 1977 694 2059 πειρήσεσθαι,

63 2063 89 2118 εἷ
100 2061 170 2120 ἐτεὸν
181 2062 211 2133 δὴ
222 2070 287 2122 κεῖθι
296 2063 342 2122 obv
352 2065 474 2132 ἀντιθέοις
484 2064 611 2144 ἑτάροισιν

65 2147 179 2218 ξείνισας
188 2154 214 2210 ἐν
225 2150 375 2231 μεγάροισιν
385 2151 448 2230 έμδν
460 2150 546 2223 πόσιν,
557 2154 591 2217 ὡς
601 2148 740 2232 ἀγορεύεις.

65 2234 139 2294 Eiet
148 2259 205 2311 μοι,
215 2237 304 2295 ὁπποῖ’
314 2237 383 2296 ἄσσα
392 2237 481 2319 περί-χ
482 2233 522 2320 ροῒ
533 2235 629 2315 εἵματα
640 2235 700 2295 έστο

66 2321 176 2390 αιἰτόςθ
186 2317 237 2391 οἷος
246 2325 291 2397 ἐην
301 2325 346 2383 καί
356 2325 510 2407 έταίρους,σ
495 2322 553 2384 aiot
563 2324 663 2384 έποντο.

10 2429 51 2468 ,ιο
106 2411 195 2483 Τὴνδ
204 2412 412 2491 άπαμειόόμενος
420 2411 688 2496 προςέφηπσλύμητις
694 2412 792 2473 Ὀδυσ-

63 2525 88 2558 ω
97 2499 184 2577 γύναι,
195 2501 367 2582 ἅργαλέονᾘ
337 2525 429 2561 τοσσσν
438 2501 531 2583 χρόνον
540 2500 652 2583 ἀμφίςέ
638 2525 700 2560 οντα
711 2499 789 2581 [aede

64 2588 181 2666 εἶπέμεν·
175 2590 285 2662 ἤδη
251 2614 301 2672 γα
310 2594 356 2650 ote
344 2594 472 2650 εικοστον
481 2590 536 2656 ἔτος
544 2589 623 2661 ἐστίν,

65 2675 92 2743 ἐξ
102 2647 134 2734 08
144 2683 227 2736 κεῖθεν
237 2678 284 2752 ἔόη
294 2702 339 2737 και
330 2678 413 2754 ’ἐμης
423 2676 616 2747 ἐπελήλυθε’
577 2699 686 2757 πατρης·

65 2761 136 2821 ἀλλὰ
145 2764 216 2823 καῖ’
200 2789 234 2833 οις
243 2763 349 2846 ἐρέω,”
330 2790 365 2832 ως
375 2788 418 2842 μοι
429 2763 576 2822 ἰνδάλλεται
585 2755 656 2846 ἦτορ.

10 2868 51 2907 aas
64 2853 184 2911 Χλαῖναν
192 2852 340 2935 πορφυρέην
349 2852 427 2925 οὔλην
438 2852 483 2932 ἔχε
494 2853 546 2918 δῖος
555 2849 710 2923 Ὀδυσσεύς,

65 2939 169 3011 διπλῆν·
180 2940 261 3023 αθτέιρ
271 2945 294 3000 οἳ
303 2940 399 3022 περόνη
409 2947 516 3020 χρυσοῖο
524 2935 633 2995 τέτυκτο

65 3026 182 3084 αὐλοῖσιν
192 3028 329 3107 διδύμοισι·
339 3027 445 3110 πάροιθε
456 3024 483 3084 δὲ
493 3023 614 3083 δαίδαλον
624 3015 678 3096 ἦεν

64 3114 91 3169 ἐν
100 3112 247 3195 προτέροισι
256 3115 363 3175 πόδεσσι
372 3112 440 3172 κύων
449 3111 491 3192 έχε
501 3110 618 3169 ποικίλον
629 3109 712 3184 etilo,

63 3199 227 3315 άσπαίρογτα
235 3201 314 3260 λάων·
324 3203 354 3261 τδ
364 3200 391 3260 δὲ
401 3199 580 3277 θαυμάζεσκον
590 3197 718 3272 ἅπαντες,

10 3311 49 3350 mo
61 3292 97 3356 ὡς
106 3292 130 3347 σί
139 3288 245 3370 χρύσεοι
254 3289 336 3364 ὄντες,
346 3287 414 3366 ὁμέν
424 3286 472 3346 λάε
479 3285 571 3368 νεόρδν
581 3284 719 3366 ἀπάγχων,

63 3375 147 3458 αὐτὰρ
157 3376 171 3434 8
180 3376 311 3487 ἐκφυγέειν
322 3375 430 3455 μεμαὼς
439 3375 552 3456 ησπαιρε
562 3372 693 3434 πόδεσσιν.

62 3463 117 3524 Tm
128 3462 156 3522 δέ
165 3468 245 3542 χιτῶν
247 3463 359 3536 ’ἐνόησα
369 3463 430 3571 περὶ
438 3485 497 3543 χροι
487 3457 660 3539 ’σιγαλόεντα
666 3507 675 3536 ,

61 3544 116 3610 οἷόν
125 3575 154 3609 τε
163 3552 286 3631 κρομύοιο
294 3550 420 3609 λοπὸν’
386 3574 455 3608 κατα
465 3547 606 3629 ἐαχαλέοιο·

61 3636 112 3704 τὼς
121 3636 168 3715 μὲν
179 3639 224 3710 ἐην
234 3637 359 3716 μαλακός·
369 3636 565 3717 λαμπρὸςδ’ν
534 3627 565 3708 ἦν
575 3634 661 3707 ἠέλιος
670 3636 713 3705 ὥς·

10 3745 47 3782 ιιι
59 3716 313 3836 ημένπφλλαίγΗ
284 3749 361 3783 αυτον
372 3725 652 3832 ἐθηησαντφγυναῖιιες.

59 3809 178 3875 'illle'
150 3834 177 3872 οε
186 3837 224 3872 τοι
235 3814 311 3893 ἔρι’,
277 3838 298 3871 ω
322 3837 352 3872 συ
339 3813 386 3871 8
397 3813 434 3872 ἐνί
443 3835 517 3894 φρεσι
506 3810 670 3890 βάλλεο
636 3835 722 3892 σησιν·

59 3905 108 3961 οὐκ
117 3893 164 3960 088⁹
166 3948 173 3975 ‚
143 3905 207 3960 εί
213 3901 276 3960 τοδε
286 3901 345 3961 ἕστο
353 3900 413 3982 περὶ
423 3923 482 3982 χροι
472 3898 575 3958 οἴκοθ’
586 3899 728 3968 Ὀδυσσεὺς
734 3946 743 3975 ,

57 3988 76 4059 ἤ
86 4012 125 4056 τις
135 3988 241 4072 ἑταίρων
252 3990 318 4047 δῶκε
328 3993 386 4060 θοῆς
395 3988 438 4046 ἐπὶ
448 3986 507 4059 νηὸς
517 3986 595 4058 ἐόντι,

58 4076 77 4147 ἤ
87 4074 125 4141 τίς
134 4098 184 4134 που
193 4076 239 4134 καί
248 4075 335 4143 ξεῖνος·
346 4073 402 4133 ἐπεὶ
411 4077 545 4132 πολλοῖσιν
554 4073 696 4143 Ὀδυσσεὺς

10 4183 44 4220 ero
55 4161 120 4220 ’έσκε
129 4161 208 4244 φίλος
217 4169 312 4243 παῦροι
321 4160 371 4242 γδιρ
382 4162 492 4240 Ἀχαιῶν
504 4154 571 4233 ἦσαν
581 4165 673 4239 ὁμοῖοι.

57 4249 115 4311 Καί
123 4255 147 4308 οἱ
157 4249 208 4329 ἐγὼ
216 4250 337 4330 χάλκειον
349 4250 395 4329 άορ
405 4250 450 4308 καὶ
460 4249 573 4309 δίπλακα
584 4251 655 4308 δῶκα

58 4338 153 4410 καλὴν,
163 4340 309 4483 πορφυρέην
319 4336 364 4396 καί
373 4336 524 4419 τερμιόεντα
534 4340 642 4416 χιτῶνα·

58 4425 218 4493 αἷδοίοιςδ”
204 4425 255 4483 απέ
254 4449 358 4502 πεμπον
369 4424 512 4502 ἐυσσέλμου
523 4424 566 4482 ἐπί
575 4423 642 4497 νηός.

57 4512 159 4573 Kerl'
126 4537 172 4591 μιν
182 4517 205 4574 οἱ
216 4513 295 4596 κηρυξ
305 4512 389 4592 ὀλίγον
399 4482 634 4660 προγενέστερος’
605 4518 684 4571 αυτοῦ

10 4625 42 4661 ιι
57 4601 153 4662 εἵπετο
147 4626 196 4661 κα
197 4602 259 4661 τόν
268 4626 308 4661 τοι
318 4594 516 4680 μυθήσομαιῇ
490 4625 540 4668 οος
550 4600 594 4673 ἔην
603 4624 662 4682 περ

56 4689 134 4770 γυρδς
143 4689 198 4747 ἐν’
180 4713 296 4767 ωμσισιν,
306 4689 491 4770 μελανόχροος,
502 4689 680 4770 οὐλοκάρηνος

56 4778 245 4857 Εθρυόάτηςδ
255 4777 325 4854 ὄνομ’
336 4776 403 4835 ἔσκε·
413 4777 490 4835 τίενδ
476 4775 751 4856 δέμινέξαχσνάλλων

54 4857 93 4924 ὧν
103 4864 219 4948 έτιίρων’
221 4867 261 4924 08
262 4863 348 4936 υσεθς,
358 4862 397 4921 ὅτι
407 4868 430 4922 ol
439 4863 528 4946 φρεσίν
538 4863 639 4972 άρτια
628 4863 688 4934 ἤδη

1065 454 1276 517 obYssEAE
1302 460 1390 520 XIX.
1556 471 1615 529 ιιι

839 580 898 629 ΙιΙυι
907 581 1084 644 per-duodecim
1094 585 1191 649 quidem
1200 590 1328 641 manebant
1336 592 1388 644 dies
1397 594 1470 645 divini
1480 599 1564 650 Achivi
1575 617 1582 651 ι

838 670 962 719 coercebat
970 671 1033 720 enim
1041 685 1082 722 eos
1091 676 1177 724 Boreas
1188 681 1273 726 ιιιιιιιι
1282 692 1396 742 magnus,
1407 697 1484 746 neque
1494 686 1518 735 iu
1528 693 1590 738 terra

838 755 930 806 sinebat
939 761 1014 820 stare;
1025 759 1125 810 infestus
1135 775 1192 811 vero
1201 763 1287 826 aliquis
1296 767 1409 818 excitarit
1417 769 1477 820 dens
1488 786 1495 820 :

838 842 1013 894 tertio-decimo
1021 852 1101 896 autem
1110 853 1197 899 uentus
1206 851 1293 902 recidit
1303 868 1309 900 :
1321 853 1354 903 illi
1363 869 1421 906 vero
1430 859 1601 912 avellebantur.

869 933 910 980 lto
921 931 1036 995 fingebat,
1047 934 1169 985 mendacia
1178 938 1253 987 multa
1263 939 1357 1003 dicens,
1367 943 1431 993 reris
1441 946 1544 997 similia:

838 1017 871 1066 illi
880 1023 960 1069 ιιιιιιι
969 1021 1073 1071 audienti
1083 1022 1188 1073 lluebant
1197 1025 1313 1089 lacrimae,
1323 1029 1507 1097 liquefiebatque
1515 1036 1588 1087 cutis.

837 1105 904 1155 Sicut
912 1111 992 1158 autern
1001 1110 1040 1158 nix
1050 1109 1159 1172 liquescit
1168 1112 1192 1161 in
1201 1114 1302 1164 summis
1310 1117 1444 1180 montibus,

837 1206 909 1254 quam
918 1197 996 1244 Eurus
1005 1195 1137 1259 liquefecit,
1146 1204 1273 1262 postquam
1282 1202 1403 1265 zephyrus
1411 1205 1543 1271 deluderi83

836 1280 982 1343 liquescente
990 1288 1071 1332 autem
1080 1298 1108 1334 ea
1116 1285 1181 1334 tluvii
1190 1287 1319 1349 implentur
1327 1290 1434 1342 labentes
1446 1309 1451 1342 :

837 1368 872 1417 sic
881 1369 932 1430 ejus
940 1369 1091 1433 liquefiebant
1100 1373 1189 1436 pulcrae
1197 1388 1264 1436 genae
1274 1377 1526 1446 lacrimasiuudentis,

836 1456 913 1505 ilentls
923 1471 993 1506 suum
1003 1459 1080 1509 virum
1090 1460 1243 1511 assidentem.
1254 1469 1284 1513 ht
1293 1464 1392 1527 Ulysses

836 1544 915 1593 animo
923 1545 1019 1608 quidem
1029 1547 1123 1597 nentem
1133 1562 1201 1599 suam
1210 1551 1367 1603 miserabatur
1376 1569 1489 1620 uxorem,

835 1630 899 1680 ocull
907 1637 987 1682 autem
997 1638 1110 1697 tanquam
1119 1649 1208 1686 cornum
1217 1639 1325 1701 stabant,
1334 1647 1376 1690 aut
1385 1641 1488 1705 sermm,

836 1718 927 1768 immoti
937 1720 961 1768 iu
970 1721 1088 1783 palpebris
1099 1737 1105 1770 ι
1116 1722 1171 1772 dolo
1179 1737 1237 1773 vero
1245 1725 1284 1775 ille
1293 1725 1402 1776 lacrimas
1411 1730 1553 1783 occultabat.

835 1805 879 1855 llla
887 1811 967 1855 autem
976 1811 1103 1870 postquam
1112 1811 1243 1861 satiataest
1251 1812 1376 1864 lacrimem
1385 1815 1456 1879 lietu,

835 1892 922 1942 iterum
931 1894 1010 1956 ipsum
1019 1896 1099 1945 verbis
1108 1897 1253 1960 respondeus
1262 1899 1411 1952 allocutaest
1422 1919 1428 1951 ε

865 1984 933 2030 Nunc
941 1982 1038 2045 quidem
1048 1983 1144 2033 demum
1155 1990 1192 2046 te,
1202 1986 1303 2049 hospes,
1313 1993 1372 2050 puto
1381 2003 1420 2040 me
1428 1997 1579 2055 experturam
1584 2030 1593 2057 ,

834 2081 865 2116 an
873 2081 928 2117 vere
938 2071 1042 2132 prolecto
1051 2071 1099 2120 illic
1107 2085 1162 2120 cnm
1171 2073 1258 2122 divinis
1268 2076 1340 2126 sociis

835 2155 1065 2220 hospitioexceperis
1074 2159 1098 2207 in
1108 2159 1201 2209 aedibus
1210 2175 1290 2211 meum
1300 2165 1426 2226 maritum,
1437 2167 1499 2216 sicut
1508 2167 1577 2219 dicis.

834 2243 877 2293 Dic
881 2245 1146 2308 mihi‚quallaqmodam
1151 2248 1213 2297 circa
1218 2262 1304 2312 corpus
1310 2252 1451 2302 vestimenta
1456 2254 1612 2307 indutuserat

833 2332 931 2394 ipseque
939 2333 1017 2395 qualis
1025 2338 1089 2394 erat;
1099 2340 1122 2384 et
1132 2335 1174 2385 dic
1183 2337 1273 2397 socios,
1283 2339 1390 2400 quicum
1399 2342 1579 2394 comitabantur.

863 2422 930 2469 lianc
938 2424 1019 2469 autem
1028 2421 1173 2483 respondens
1179 2423 1343 2475 allocutus-est
1351 2426 1488 2488 ingeniosus
1495 2431 1609 2493 Ulysses:

832 2508 950 2567 omulier,
959 2507 1054 2558 difficile
1063 2512 1111 2564 eat,
1125 2514 1191 2559 tauto
1199 2515 1305 2573 tempore
1318 2526 1427 2564 seorsum
1436 2519 1610 2582 quum-absim,

832 2594 922 2655 dicere;
930 2595 979 2656 jam
988 2597 1052 2645 enlm
1061 2597 1083 2646 ei
1091 2597 1221 2658 vigesimus
1230 2612 1307 2649 annus
1315 2606 1366 2661 est,

832 2697 860 2733 ex
869 2696 918 2745 quo
927 2683 990 2733 illinc
998 2683 1069 2744 abiit,
1079 2689 1103 2733 et
1112 2697 1189 2733 a-mea
1198 2684 1307 2736 discessit
1316 2689 1393 2749 patria
1406 2704 1412 2737 ε

832 2771 995 2820 verumetiam
1005 2771 1040 2820 sic
1049 2771 1140 2832 dicam,
1151 2773 1213 2821 sicut
1222 2773 1280 2822 mihi
1290 2774 1432 2836 imaginatur
1441 2791 1489 2827 cor.

832 2861 927 2907 Lenem
938 2871 1081 2921 purpuream
1091 2859 1199 2908 villosam
1207 2859 1309 2909 habebat
1317 2861 1414 2912 divium
1423 2863 1521 2926 Ulysscs
1527 2901 1536 2928 ,

833 2944 966 3009 duplicem;
976 2953 1001 2995 at
1010 2946 1031 2995 ei
1040 2945 1113 2995 fibula
1122 2960 1180 2995 auro
1190 2947 1310 2997 lactoerat

830 3032 927 3082 calarrds
936 3033 1035 3094 geminis
1046 3048 1052 3081 :
1063 3040 1197 3083 antromum
1206 3048 1263 3084 vero
1271 3048 1334 3098 opus
1343 3036 1490 3099 variegatam
1499 3044 1568 3090 erat:

830 3121 854 3168 in
863 3120 1020 3170 anterioribus
1029 3120 1130 3183 pedibas
1139 3122 1205 3170 canis
1223 3120 1319 3170 tenebat
1331 3123 1423 3173 varium
1432 3125 1572 3190 hinnulum,

830 3207 982 3270 palpitantem
991 3208 1098 3268 intuens;
1107 3208 1154 3257 hoc
1162 3213 1243 3257 autem
1252 3209 1430 3261 admirabantur
1438 3226 1536 3275 omnes,

829 3295 894 3358 qnod
900 3295 925 3343 bi
932 3295 996 3344 aurei
1003 3300 1176 3358 quum-essent,
1183 3296 1222 3346 hic
1228 3296 1326 3359 quidem
1332 3298 1470 3349 intuebatur
1479 3300 1605 3352 hinnulum

829 3383 948 3432 suffocans
954 3382 971 3445 ;]
981 3387 1007 3432 at
1016 3383 1067 3444 ifle,
1077 3384 1180 3446 elingere
1188 3385 1300 3447 cupiens,
1310 3385 1440 3449 palpitabat
1448 3387 1559 3450 pedibus.

828 3471 906 3519 Etiam
915 3472 1019 3520 tunicam
1029 3471 1185 3521 animadverti
1194 3473 1257 3526 circa
1265 3485 1351 3536 corpus
1361 3473 1522 3537 splendidam,

827 3558 922 3621 qualem
931 3572 989 3622 cepa
998 3559 1103 3608 tunicam
1112 3558 1142 3609 de
1151 3559 1217 3609 arida
1228 3575 1235 3608 t

828 3647 860 3695 ita
868 3646 965 3709 quidem
973 3652 1025 3695 erat
1034 3646 1124 3707 mollis;
1135 3647 1258 3709 splendido
1266 3652 1347 3696 autem
1356 3653 1419 3709 erat,
1430 3649 1488 3698 solis
1496 3649 1571 3699 instar
1580 3666 1587 3700 :

827 3734 932 3796 proiecto
940 3732 1036 3796 quidem
1046 3733 1129 3782 multae
1138 3735 1215 3796 ipsum
1224 3733 1412 3783 admimtresunt
1420 3735 1541 3785 mulieres.

826 3821 896 3871 Aliud
905 3827 985 3871 sutem
995 3822 1036 3870 tibi
1045 3820 1134 3883 dicam,
1144 3826 1171 3870 tu
1180 3835 1237 3870 vero
1246 3821 1271 3869 in
1280 3826 1361 3871 mente
1369 3822 1472 3872 reconde
1481 3828 1523 3873 tua
1533 3839 1540 3873 :

826 3912 906 3961 nescio
914 3913 995 3960 utrum
1004 3909 1057 3958 hae
1066 3908 1242 3958 indutusiuerit
1250 3908 1313 3958 circa
1321 3921 1407 3972 corpus
1415 3909 1481 3960 domi
1489 3909 1601 3974 olyram,

825 4013 855 4048 an
863 3998 950 4062 aliquis
959 3997 1079 4047 sociorum
1087 3995 1180 4046 dederit
1189 3997 1213 4045 in
1223 3996 1278 4045 nari
1288 3997 1367 4057 eunti,

824 4092 866 4137 aut
874 4087 961 4150 aliquis
969 4084 1056 4135 alicubi
1065 4085 1136 4135 etiam
1145 4085 1234 4148 hospes
1245 4099 1251 4132 ε
1262 4085 1375 4146 quoniam
1385 4085 1468 4135 multis
1476 4084 1577 4148 mperes

824 4179 875 4224 erat
884 4188 966 4235 earum
976 4174 1045 4237 pauci
1054 4173 1117 4221 enirn
1127 4173 1270 4222 helrivorum
1280 4175 1303 4221 ei
1313 4177 1381 4221 erant
1391 4172 1488 4223 similes.

824 4267 854 4313 Et
862 4264 884 4313 ei
893 4276 937 4324 ego
945 4274 1034 4310 aereum
1044 4274 1138 4320 ensem,
1147 4265 1171 4309 et
1181 4259 1299 4322 duplicem
1309 4259 1364 4310 dedi
1374 4264 1466 4311 vestem

824 4351 943 4413 pulcram,
953 4362 1109 4411 purpuream,
1119 4352 1143 4397 et
1150 4348 1247 4397 talarem
1257 4349 1378 4397 tunicam:

823 4441 936 4490 honorate
944 4442 1023 4488 aulem
1033 4436 1181 4485 dimittebam
1190 4435 1366 4485 bene-tabulata
1374 4435 1399 4484 iu
1408 4436 1473 4485 nari.

823 4531 853 4577 Et
861 4526 957 4590 quidem
966 4538 1022 4574 eum
1031 4537 1109 4588 preco
1118 4524 1188 4587 paulo
1198 4523 1341 4583 maior-natu
1352 4523 1404 4585 ipso

821 4614 994 4665 comitabatur:
1005 4613 1076 4662 etiam
1084 4612 1148 4660 lrunc
1158 4611 1201 4660 tibi
1210 4610 1300 4672 dicam,
1308 4609 1384 4673 qualis
1393 4614 1458 4660 erat:

820 4703 934 4766 gibbosus
943 4702 966 4750 in
976 4700 1094 4759 humeris,
1104 4699 1243 4760 atgrecum,
1253 4698 1431 4759 crispocapite3

820 4791 952 4853 Eurybates
961 4802 1017 4838 vero
1024 4790 1047 4836 el
1054 4800 1140 4836 nornen
1151 4789 1214 4834 erat:
1225 4784 1355 4833 honorabat
1366 4788 1446 4833 autem
1457 4797 1512 4834 eum
1524 4796 1595 4847 supra

819 4877 919 4941 ceteros]
924 4890 980 4926 suos
986 4874 1173 4935 sociosUlysscs,
1177 4871 1241 4935 quod
1248 4871 1334 4920 sibian·
1337 4884 1482 4933 mocougma
1487 4871 1592 4922 sentiret

95 4949 191 5019 Ὦς
155 4974 229 5034 φστο
239 4950 329 5030 τῇδ’
315 4975 352 5009 ετι
362 4952 480 5028 μαλλον
470 4975 504 5033 υφ
505 4929 639 5032 ’ἵμερον
620 4949 776 5032 ωρσεγόοισ,
849 4965 972 5015 sicalixit:
980 4957 1587 5020 illiautemadhucmagisdesideriumexcitaritha

10 5062 41 5098 ιο
55 5038 177 5117 σήμαθ’
162 5037 321 5148 σναγνούρη,
329 5063 362 5097 τα
354 5038 393 5096 σί
403 5037 617 5120 ἐμπιδαπέφραδ
626 5038 775 5108 Ὀδυσσεύς.

65 5117 228 5186 Ηδηέπεί
198 5148 241 5184 συν
251 5125 351 5207 τάρφθη
361 5122 510 5184 πολυδακ’
481 5149 565 5207 ρυτοιο
575 5124 658 5205 γόοιο,

54 5212 101 5271 καί
109 5212 168 5272 τότε
178 5237 222 5291 μιν
232 5211 348 5291 μύθοισιν
358 5209 529 5291 ἀριιόομίνη
527 5212 683 5294 προςέιιιτιν·

819 5059 858 5105 tus
864 5053 956 5116 ]srgna
964 5049 1112 5112 agnoscenti
1122 5061 1177 5110 quae
1185 5059 1208 5095 ιι
1216 5051 1280 5095 certa
1289 5045 1350 5095 dixit
1359 5046 1463 5109 Ulysses.

818 5146 853 5191 Ea
861 5147 940 5189 antem
949 5140 1075 5201 postquam
1085 5135 1177 5185 satiata·
1178 5138 1215 5183 est
1223 5133 1348 5183 lacrimoso
1357 5133 1427 5195 lietu,

817 5234 875 5280 tuuc
884 5230 962 5293 ipsum
972 5226 1051 5278 verbis
1060 5225 1205 5291 respondeus
1213 5225 1358 5275 allocutaest
1367 5238 1374 5273 :
