3570 5932
235 427 482 487 ΟΔΥΣΣΕΙΛΣ
506 428 539 485 Τ.

49 572 135 621 κτεῖνε
144 563 177 620 δι’
188 561 328 642 ἀφραδίας,
337 566 428 640 κοῦρον
438 559 532 630 Ζήθοιο
542 560 659 627 ἄνακτος·

50 651 88 718 ὣς
97 650 143 709 καλ
153 650 210 726 ἐμοὶ
220 648 281 727 δίχα
291 648 369 725 θυμδς
378 646 503 728 ὀρώρεται
514 646 572 706 ἔνθα
583 646 628 706 καί
640 647 713 720 ἔνθα,

10 754 38 797 σε
51 736 85 808 ἠὲ
95 736 166 815 μένω
174 734 384 817 neptunalici
394 733 494 812 ἔμπεδα
504 734 589 792 πάντα
600 734 738 816 φυλάσσω,

52 830 147 896 κτῆσιν
157 822 222 901 ἐμὴν
232 821 321 899 δμωάς
328 845 358 879 τε
367 820 412 880 καὶ
422 820 546 902 ὑψερεφὲς
556 819 623 899 μέγα
634 823 709 898 δῶμα

53 913 131 983 εὐνήν
140 911 163 970 τ’
173 908 296 987 αἰδομένη
305 909 394 976 πόσιος
403 907 495 985 δήμοιό
504 932 532 966 τε
542 914 632 987 φῆμιν

54 1000 72 1072 ἢ
83 1001 136 1072 ῆδη
146 998 192 1076 ἀμ’
202 996 307 1075 ἕπωμαι
316 997 426 1075 Ἀχαιῶν
436 995 501 1062 δςτις
510 995 614 1076 ἀριστος

55 1099 153 1168 μνᾶται
162 1086 199 1144 ἐνί
209 1085 357 1165 μεγάροισι,
368 1084 455 1165 πορὼν
465 1082 600 1164 ἀπερείσια
611 1084 680 1143 ἕδνα.

10 1193 42 1234 uu
57 1179 127 1241 Παῖς
137 1177 160 1233 δ’
170 1173 244 1250 ἔμὀς,
254 1171 301 1238 ἕως
311 1169 357 1249 μὶν
368 1170 413 1243 έην
423 1171 461 1229 ἔτι
470 1169 560 1241 νήπιος
568 1170 615 1242 ἠδὲ
622 1168 766 1251 χαλίφρων,

55 1263 172 1343 γήμασθ’
181 1261 210 1321 οὔ
221 1266 248 1338 μ’
258 1260 299 1318 εἴα
308 1256 471 1325 πόσιοςκατά
481 1260 557 1335 δῶμα
566 1261 701 1317 λιποῦσαν·

55 1359 102 1409 νῦν
112 1353 136 1408 δ’
144 1349 187 1408 ὀτε
197 1348 228 1418 δὴ
239 1346 320 1425 μέγας
329 1345 384 1404 ἐστὶ
393 1344 438 1403 καί
447 1344 514 1416 ῆῦης
524 1343 616 1425 μέτρον
626 1343 723 1417 ἱκάνει,

56 1439 102 1498 καὶ
113 1437 145 1508 δή
156 1437 182 1515 μ’
193 1439 288 1517 ἀρᾶται
297 1433 376 1492 πάλιν
386 1430 492 1508 ἐλθέμεν
502 1435 531 1490 ἐκ
542 1429 679 1512 μεγάροιο,

56 1525 163 1596 κτήσιος
173 1520 320 1602 ἀσχαλόων,
329 1519 377 1590 τήν
387 1522 411 1577 οἱ
420 1519 571 1578 κατέδουσιν
582 1516 689 1598 Ἀχαιοί.

10 1630 44 1673 tol
56 1614 128 1673 Ἀλλ’
139 1612 185 1690 ἄγε
197 1633 241 1688 μοι
250 1608 294 1667 τὸν
303 1608 400 1688 ὄνειρον
410 1606 546 1688 ὑπόκριναι
555 1605 600 1665 καί
610 1606 728 1664 άκουσον.

55 1699 143 1772 Χῆνές
153 1722 196 1777 μοι
205 1695 273 1756 κατδι
282 1686 352 1754 οἶκον
361 1693 456 1753 ἐείκοσι
465 1693 546 1775 πυρὸν
555 1692 654 1752 ἔδουσιν

54 1788 83 1857 ἐξ
93 1787 201 1856 ὓδατος,
211 1782 255 1842 καί
264 1781 293 1840 τέ
303 1805 362 1862 σφιν
372 1781 488 1858 ἰαίνομαι
499 1779 645 1860 εῖςορόωσα·

55 1873 142 1935 ἐλθὼν
151 1875 173 1931 δ’
184 1872 210 1940 ἐξ
218 1872 289 1953 ὀρεος
299 1868 380 1947 μέγας
389 1869 473 1935 αἰετὸς
483 1868 670 1947 ἀγκυλοχειλης

54 1972 125 2020 πᾶσι
134 1959 192 2018 κατ’
203 1957 312 2037 αὐχένας
319 1949 362 2027 ῆξε
370 1957 415 2014 καί
425 1956 537 2015 ἔκτανεν·
548 1960 572 2014 οἱ
582 1957 604 2013 δ’
614 1952 735 2032 ἐκέχυντο

10 2068 41 2110 to
54 2047 149 2130 ἀθρόοι
158 2050 184 2105 ἐν
194 2044 322 2125 μεγάροις·
333 2048 347 2101 ὁ
357 2045 379 2102 δ’
388 2048 413 2110 ἐς
423 2043 511 2124 αἰθέρα
522 2045 579 2101 διαν
589 2041 676 2123 ἀέρθη.

56 2134 153 2215 Antip
163 2133 213 2210 ἐγὼ
222 2135 312 2191 κλαῖον
321 2131 367 2190 καί
377 2130 491 2190 ἐκώκυον
500 2128 527 2189 έν
535 2154 585 2211 περ
593 2129 691 2210 ὀνείρῳ·

56 2224 131 2305 ἀμφὶ
140 2225 161 2281 δ’
173 2221 214 2299 ἔμ’
223 2218 374 2300 ἠγερέθοντο
383 2220 572 2295 ἐϋπλοκαμῖδες
580 2214 698 2296 Ἀχαιαί,

56 2311 142 2391 οίκτρ’
151 2305 350 2389 ὀλαφυρομένην,
360 2305 376 2363 ὀ
384 2330 427 2381 μοι
437 2304 521 2372 αίετός
529 2305 620 2363 ἔκτανε
628 2307 719 2382 χῆνας.

57 2396 112 2478 'livit
125 2399 147 2456 δ’
158 2393 237 2454 ἐλθὼν
247 2397 304 2452 κατ’
315 2394 355 2474 ἀρ’
367 2391 433 2462 ἕζετ’
444 2392 487 2450 ἐπὶ
495 2390 635 2472 προύχοντι
646 2387 776 2468 μελάθρῳ·

10 2507 41 2546 eo
56 2489 135 2566 φωνῇ
146 2482 173 2542 δὲ
183 2481 275 2564 βροτέῃ
284 2480 427 2561 κατερήτυε
438 2477 556 2560 φώνησέν
567 2500 603 2536 τι·

101 2569 217 2651 Θάρσει,
228 2567 339 2649 Ἰκαρίου
349 2565 430 2646 κούρη
440 2568 625 2636 τηλεκλειτοῖο·

58 2661 110 2718 olan
117 2658 190 2736 ὀναρ,
200 2655 256 2713 ἀλλ’
265 2653 334 2736 ῦπαρ
342 2653 439 2725 ἐσθλὸν,
450 2652 466 2711 ὀ
470 2676 509 2711 τοι
516 2650 697 2729 τετελεσμένον
705 2648 787 2709 ἔσται.

57 2751 147 2818 linae<
156 2743 203 2822 μέν
213 2747 364 2822 μνηστῆρες·
374 2740 426 2820 ἐγώ
436 2741 463 2800 δέ
471 2763 511 2798 τοι
520 2740 602 2806 αίετδς
611 2739 679 2821 ὀρνις

58 2826 98 2906 ῆα
107 2833 203 2916 πάρος,
212 2837 257 2890 νῦν
266 2821 327 2888 αύτε
337 2829 393 2895 τεὸς
401 2827 475 2894 πόσις
484 2827 637 2898 εἰλήλουθα,

10 2944 48 2983 too
61 2920 163 2987 δςπῦσι
174 2921 334 2998 μνηστῆρσιν
344 2913 432 2974 ἀεικέα
442 2914 542 2992 πότμον
552 2914 650 2995 ἐφήσω.

101 3007 153 3074 Ὣς
163 3005 244 3087 ἔφατ’·
255 3003 337 3083 αὐτὰρ
347 3001 394 3080 ἐμὲ
404 3001 528 3080 μελιηδὴς
537 3000 614 3068 ύπνος
624 3004 727 3071 ἀνῆκεν.

62 3093 234 3165 Παπτήναοα
244 3091 271 3150 δὲ
280 3096 363 3170 χῆνας
373 3091 409 3148 ἐνὶ
420 3089 557 3171 μεγάροισι
567 3088 666 3160 νόησα,

61 3181 146 3264 πυρὸν
155 3178 339 3262 ἐρεπτομένους
347 3176 421 3258 παρδι
430 3175 525 3236 πύελον
534 3169 581 3256 ᾗχι
589 3174 671 3256 πάρος
682 3193 740 3252 περ.

102 3269 161 3341 Τὴν
171 3268 194 3326 δ’
203 3264 411 3344 ἀπαμειόόμενος
416 3264 529 3346 προςέφη
537 3261 683 3340 πολύμητις
690 3260 788 3319 Ὀδυσ-

10 3378 48 3419 itti
62 3347 185 3434 ῶγύναι,
194 3353 279 3420 οὔπως
289 3353 358 3411 ἔστιν
368 3351 555 3433 ὑποκρίνασθαι
564 3350 669 3431 ὄνειρον,
710 3343 789 3425 [σεύς

63 3446 134 3524 ἄλλῃ
144 3441 316 3501 ἀποκλίναντ’·
327 3440 400 3511 ἐπειή
411 3440 443 3520 ῥά
452 3463 492 3499 τοι
502 3438 577 3506 αὐτὸς
586 3433 727 3501 Ὀδυσσεύς

62 3530 185 3614 πέφραδ’,
196 3527 264 3595 ὀπως
273 3526 362 3586 τελέει·
373 3532 519 3607 μνηστῆρσι
529 3523 556 3584 δὲ
565 3524 663 3607 φαίνετ’
673 3523 775 3601 ὄλεθρος

63 3629 133 3679 πᾶσι
143 3616 213 3696 μάλ’·
223 3614 282 3675 οὐδέ
291 3613 322 3674 κέ
332 3639 369 3681 τις
378 3613 488 3672 θάνατον
498 3614 543 3672 καί
553 3617 644 3693 Κῆρας
655 3607 750 3676 ἀλύξει.

106 3704 161 3766 Τδν
171 3703 193 3762 δ’
202 3694 264 3761 αότε
273 3700 407 3783 προςέειπε
415 3699 545 3781 περίφρων
556 3697 730 3771 Πηνελόπεια·

10 3817 51 3856 suo
64 3793 136 3864 ξεῖν’,
146 3792 202 3863 ῆτοι
213 3791 260 3867 μὲν
269 3791 362 3869 ὀνειροι
372 3786 503 3866 ἀμήχανοι
513 3783 679 3867 ἀκριτόμυθοι

64 3878 187 3960 γίγνοντ’,
196 3877 254 3936 οὐδέ
263 3901 288 3935 τι
297 3876 383 3934 πάντα
393 3874 520 3933 τελείεται
530 3870 711 3954 ἀνθρώποισιν.

65 3965 144 4028 Δυιαί
154 3964 205 4047 γάρ
214 3988 242 4023 τε
250 3963 333 4023 πύλαι
342 3965 477 4040 ἀμενηνῶν
488 3960 551 4019 εἰσίν
560 3958 672 4039 ὀνείρων·

66 4058 97 4113 ni
107 4051 155 4132 μίν
163 4052 213 4132 γάρ
223 4052 345 4132 κεράεσσι
356 4049 523 4130 τετεύχαται,
534 4052 560 4106 ni
571 4047 593 4105 δ’
603 4045 730 4128 ἐλέφαντι·

66 4147 120 4201 τῶν
129 4139 153 4200 οἳ
163 4139 210 4217 μέν
220 4142 243 4198 κ’
254 4138 347 4197 ἔλθωσι
357 4136 399 4195 διδι
408 4142 517 4217 πριστοῦ
529 4133 679 4212 ἐλέφαντος,

10 4253 53 4291 soa
67 4228 125 4310 οἵδ’
136 4226 327 4308 ἐλεφαίρονται,
339 4224 393 4282 ἔπε’
403 4223 537 4304 ἀκράαντα
546 4221 672 4303 φέροντες·

68 4315 131 4376 aiil
141 4313 183 4372 διδ
192 4313 286 4382 ξεστῶν
297 4311 397 4393 κεράων
407 4309 499 4368 ἔλθωσι
508 4307 614 4389 θύραζε,

69 4400 97 4461 οἵ
105 4403 127 4482 ρ’
138 4399 221 4477 ἔτυμα
230 4399 377 4479 κραίνουσι,
390 4400 488 4479 βρατῶν
498 4394 540 4453 ὀτε
551 4393 594 4452 κέν
603 4417 641 4459 τις
649 4391 745 4464 ἴδηται.

70 4489 141 4548 Ἀλλ’
151 4485 209 4564 έμοί
219 4489 265 4544 υύκ
275 4489 389 4543 ἐντεῦθεν
398 4483 486 4561 ὀίομαι
496 4481 567 4541 αἰνὸν
578 4481 674 4560 ὄνειρον

71 4574 186 4652 ἐλθέμεν·
197 4566 247 4645 ἧκ’
258 4572 391 4631 ἀσπαστὸν
402 4571 459 4649 ε’μοί
468 4571 514 4630 καὶ
522 4569 597 4628 παιδί
606 4567 712 4648 γένοιτο.

15 4685 57 4725 nlo
70 4661 151 4723 Ἄλλο
161 4659 189 4719 δέ
197 4683 236 4719 τοι
246 4658 322 4740 ἐρέω,
333 4658 364 4718 σθ
375 4662 397 4718 δ’
408 4660 445 4719 ἐνί
454 4657 529 4742 φρεσί
541 4657 636 4737 βάλλεο
645 4661 729 4737 σῇσιν·

70 4749 117 4822 ἥδε
129 4748 160 4820 δὴ
170 4747 223 4819 ἠὼς
232 4738 282 4805 ε’ίσι
292 4744 449 4824 δυςώνυμος,
460 4746 477 4819 ή
488 4746 515 4824 μ’
525 4746 654 4816 Ὀδυσῆος

72 4836 143 4897 οἶκον
154 4835 307 4914 ἀποσχήσει·
318 4840 362 4892 νῦν
371 4832 421 4915 γδιρ
430 4832 572 4905 καταθήσω
581 4832 680 4905 ἄεθλον,

71 4923 131 4990 τοῦς
140 4922 279 4992 πελέκεας,
288 4919 347 4987 τοῦς
357 4929 439 4988 κεῖνος
449 4920 485 4979 ἐνί
496 4920 646 5002 μεγάροισιν
655 4923 733 4978 ίοῖσιν

72 5009 177 5088 ἵστασχ’
188 5007 268 5080 ἑξείης
277 5007 401 5089 δρυόχους
410 5007 445 5074 ῶς
454 5006 554 5066 δώδεκα
564 5006 673 5074 πάντας·

18 5119 59 5159 aas
72 5096 136 5164 στὰς
145 5098 167 5155 δ’
176 5094 221 5174 ὀγε
229 5094 325 5155 πολλὀν
335 5095 438 5167 ἄνευθε,
451 5094 650 5178 διαρρίπτασκεν
659 5093 752 5154 ὀῖοτόν.

75 5188 131 5247 Νῦν
140 5186 168 5244 di
177 5183 368 5265 μνηστήρεσσιν
377 5184 468 5242 ἄεθλον
477 5189 566 5242 τοῦτον
576 5181 674 5265 ἀφήσω·

1046 433 1256 496 ODYSSEAE
1279 438 1367 499 xlx.

819 563 936 614 interfecit
944 578 987 628 per
996 566 1169 631 insipientiam,
1179 568 1255 619 tilium
1264 570 1332 620 zethi
1339 573 1418 634 τιμίω

819 652 854 700 sic
863 657 887 701 et
896 652 955 701 mibi
965 653 1073 703 bifariam
1082 656 1176 706 minum
1185 662 1296 707 movetur
1304 658 1353 708 buc
1362 663 1386 709 et
1395 660 1466 722 illuc,

819 743 900 789 utrum
908 753 1017 790 maneam
1026 741 1090 806 apud
1099 742 1188 804 θιθιιιιι,
1198 749 1223 793 et
1231 744 1322 807 integra
1331 747 1410 795 omnia
1419 760 1525 809 servem,

819 827 995 889 possessiouem
1004 842 1092 890 meam,
1100 829 1259 894 lamnasque,
1267 837 1292 882 et
1298 833 1371 882 altam
1380 847 1491 896 nuptam
1500 835 1599 886 domum

821 916 950 977 torumque
959 927 1071 966 reverens
1080 916 1174 979 mariti,
1184 919 1314 982 populique
1323 921 1411 970 lamam
1422 938 1429 982 3

820 1013 850 1050 an
857 1001 907 1063 jam
915 1016 964 1051 uua
973 1016 1059 1066 sequar
1068 1004 1213 1054 Achivorum
1221 1019 1280 1055 eum
1288 1007 1425 1071 quicunque
1434 1010 1539 1072 optimus

821 1088 896 1138 ambit
904 1102 944 1138 me
953 1090 978 1139 in
988 1089 1095 1152 aedibus,
1106 1093 1317 1155 quumpvmbuenit
1326 1094 1417 1144 infinita
1425 1097 1553 1159 sponsffia.

822 1175 895 1224 Filius
902 1181 983 1226 autem
991 1190 1069 1238 meus,
1077 1177 1154 1228 donee
1160 1179 1257 1242 quidem
1267 1180 1312 1230 init
1319 1181 1398 1233 adbuc
1404 1183 1481 1234 inians
1488 1189 1513 1234 et
1519 1185 1602 1235 animi·

1538 454 1594 505 47⁸³

822 1263 959 1326 impotens]
967 1265 1056 1315 nubere
1061 1279 1108 1314 non
1115 1280 1154 1316 me
1164 1267 1256 1316 sinebat
1268 1269 1347 1318 mariti
1358 1269 1457 1320 domum
1469 1272 1602 1335 relinquen·

822 1354 871 1400 mm
880 1350 896 1413 t]
903 1364 1027 1401 nuncvero
1033 1353 1182 1416 quandojam
1188 1353 1284 1404 adultus
1289 1360 1357 1406 estet
1363 1355 1533 1420 aad-pubertatis
1539 1372 1602 1408 men-

823 1439 1087 1501 surampevveoitm'am
1097 1454 1135 1490 me
1144 1446 1211 1505 optat
1220 1446 1283 1492 retro
1292 1443 1357 1493 abire
1366 1444 1458 1495 edomo

823 1526 1036 1589 obpossessionem
1041 1529 1174 1591 indignans,
1179 1544 1252 1593 quam
1261 1532 1284 1581 ei
1292 1537 1437 1582 consumunt
1448 1533 1540 1584 Achivi.

823 1612 871 1662 sed
879 1627 922 1675 age
929 1615 987 1664 mibi
997 1616 1042 1665 boc
1051 1618 1171 1666 somnium
1180 1616 1287 1679 declara,
1297 1623 1322 1668 et
1331 1618 1396 1669 audi.

824 1706 926 1750 Anseres
935 1703 994 1751 mibi
1003 1704 1028 1751 in
1037 1703 1109 1753 domo
1117 1705 1201 1766 viginti
1211 1705 1317 1756 triticum
1326 1706 1402 1757 edunt

824 1801 854 1837 ex
863 1802 938 1851 aqua,
947 1794 1020 1853 atque
1027 1791 1088 1853 ipsis
1096 1792 1177 1852 lator,
1186 1792 1315 1856 inspiciens
1326 1808 1333 1841 ε

824 1877 930 1939 protecta
938 1889 995 1927 vero
1004 1892 1034 1927 ex
1043 1884 1123 1930 monte
1133 1893 1218 1942 magua
1226 1881 1307 1944 aquila
1315 1881 1500 1933 monuimus

824 1964 936 2013 omnibus
943 1965 1047 2014 eervices
1056 1966 1184 2028 mniregit,
1193 1973 1216 2016 et
1225 1967 1356 2030 mtevtecit;
1367 1969 1392 2017 bi
1401 1974 1481 2019 antean
1491 1969 1605 2019 iusi-sunt

825 2051 924 2099 mnierti
933 2052 957 2101 in
964 2052 1057 2103 [edibus
1067 2053 1121 2102 :illa
1127 2067 1184 2104 vero
1191 2054 1215 2103 in
1222 2055 1336 2106 aetherem
1343 2056 1450 2106 divinum
1457 2057 1603 2107 elevata-est.

825 2141 856 2187 at
865 2152 908 2200 ego
916 2138 1001 2188 tiebam
1010 2144 1035 2189 et
1044 2141 1175 2204 ejulabam,
1184 2142 1256 2191 etiam
1265 2143 1290 2192 in
1300 2143 1406 2206 somni03

825 2225 915 2275 circum
924 2232 1004 2276 autem
1013 2241 1052 2278 me
1060 2229 1263 2291 mugreqabontnr
1272 2231 1447 2294 pulcrisoomls
1456 2231 1554 2282 Achiva

826 2314 990 2364 miserabiliter
995 2315 1257 2380 lugentem‚quodmibi
1262 2319 1604 2381 aquilainterieeeratmaseves.

826 2404 931 2451 Reverso
939 2407 1019 2452 autem
1028 2402 1150 2453 desidebat
1160 2405 1184 2453 in
1194 2405 1335 2471 prominenti
1344 2409 1422 2467 tecto;

827 2502 933 2551 voceque
942 2490 1046 2540 humana
1055 2504 1094 2540 me
1103 2492 1283 2554 compescebat,
1295 2492 1402 2555 dixitque
1414 2508 1420 2541 :

859 2576 970 2637 Cupide,
981 2579 1049 2626 leonii
1060 2578 1107 2627 fllia
1115 2579 1378 2642 louge-latequeinelpti
1384 2596 1391 2641 ;

828 2677 876 2712 non
881 2665 1000 2714 somnium
1005 2665 1103 2721 boe-eal,
1111 2666 1153 2714 sed
1159 2666 1218 2715 visio
1224 2679 1288 2726 vera,
1294 2666 1438 2729 minutique
1443 2667 1547 2729 perlecta
1551 2669 1605 2718 erit.

828 2756 930 2801 Anseres
940 2751 1051 2814 quidem,
1061 2753 1127 2815 proci
1136 2756 1212 2809 sunm
1220 2767 1264 2815 ege
1276 2759 1356 2802 autem
1366 2753 1445 2816 aquila
1453 2754 1505 2802 avis

828 2851 893 2888 eram
902 2845 985 2899 antea;
995 2853 1059 2888 nunc
1067 2839 1164 2888 demum
1175 2844 1231 2889 tuus
1240 2841 1341 2889 maritus
1350 2841 1418 2901 veui,

828 2926 870 2988 qui
877 2927 989 2976 omnibus
998 2927 1076 2989 pronis
1086 2939 1175 2976 saevam
1184 2932 1285 2976 mortem
1293 2927 1401 2977 inieram.

860 3013 899 3063 sic
907 3013 983 3062 dixit:
994 3018 1064 3063 atme
1073 3014 1150 3063 dulcis
1160 3027 1259 3063 somnus
1268 3014 1368 3064 dimisit.

829 3100 1037 3163 circumspectans
1043 3106 1123 3151 autem
1132 3115 1229 3151 anseres
1237 3102 1262 3151 in
1271 3102 1364 3151 adibus
1373 3102 1544 3164 aoivnadverti,

830 3187 934 3237 uilicum
944 3187 1096 3238 comedentes
1105 3188 1169 3252 apud
1178 3189 1280 3252 pelvim,
1288 3188 1330 3239 ubi
1340 3193 1410 3238 antea
1419 3189 1526 3252 quidem.

860 3278 1014 3325 llaocautem
1019 3275 1165 3339 respondem
1174 3275 1336 3326 allocutusest
1344 3276 1480 3338 mgeoiosus
1491 3278 1589 3339 Ulysses
1601 3292 1606 3326 :

830 3362 947 3423 omnies,
957 3376 1108 3426 nequaquam
1117 3363 1173 3413 licet
1182 3363 1302 3413 declarare
1313 3363 1447 3424 somnium,

831 3450 876 3499 alio
886 3450 1050 3500 deflectentem
1061 3467 1067 3499 2
1077 3450 1271 3514 quandoquidem
1281 3464 1337 3500 sane
1346 3451 1390 3500 tibi
1399 3452 1451 3515 ipse
1460 3451 1559 3513 lllysses

831 3536 903 3597 dixit,
911 3537 1030 3600 quomodo
1039 3538 1238 3601 perfecturussii:
1247 3538 1325 3600 procis
1332 3549 1389 3587 vero
1395 3544 1493 3601 apparet
1502 3539 1602 3588 exitium

831 3624 942 3674 omnibus
951 3638 1063 3687 prorsus;
1073 3639 1151 3687 neque
1161 3625 1224 3674 ullus
1234 3630 1335 3674 mortem
1344 3629 1369 3674 et
1378 3625 1453 3674 latum
1460 3626 1566 3687 effligiet.

861 3714 931 3760 Hunc
939 3715 1019 3760 autem
1029 3724 1112 3759 rursus
1121 3712 1267 3759 allocutaest
1277 3711 1382 3774 prudens
1391 3712 1509 3774 Penelope
1520 3729 1526 3761 ε

831 3797 932 3861 hospes,
942 3798 1046 3861 proiecto
1053 3797 1151 3861 quidem
1160 3798 1251 3846 somma
1258 3797 1429 3858 inscrutabilia,
1438 3799 1608 3849 indiscrimina-

832 3884 1012 3948 tim-loquentia]
1022 3891 1091 3945 sunt,
1102 3899 1179 3948 neque
1188 3885 1258 3948 plane
1267 3884 1422 3948 perficiuntur
1431 3886 1576 3937 hominibus.

832 3975 892 4020 Duae
901 3971 987 4021 etenim
997 3977 1071 4036 portae
1081 3971 1193 4021 debilium
1203 3977 1259 4020 sunt
1268 3971 1415 4021 somniorum
1426 3988 1432 4020 :

832 4072 887 4108 nam
896 4059 969 4109 altera
979 4059 1075 4123 quidem
1084 4059 1196 4109 cornibus
1206 4059 1268 4108 beta
1277 4062 1328 4120 est;
1339 4059 1413 4109 altera
1428 4064 1509 4109 avutam
1518 4060 1589 4110 ebore
1600 4076 1606 4109 :

833 4145 918 4194 borum
928 4160 982 4209 quae
991 4147 1088 4210 quidem
1096 4147 1205 4196 venerint
1213 4160 1255 4210 per
1264 4150 1358 4196 sectum
1367 4146 1427 4197 ebur
1432 4182 1441 4207 ,

832 4232 884 4282 bcec
893 4233 1026 4297 decipiunt,
1035 4234 1108 4283 verba
1117 4234 1182 4282 invita
1192 4234 1303 4294 scientim

832 4334 888 4383 quae
897 4333 952 4370 vem
961 4334 1004 4384 per
1012 4320 1085 4383 polita
1093 4333 1182 4369 cornua
1191 4319 1277 4369 iverint
1286 4321 1363 4382 lonas,

832 4407 885 4457 baec
893 4421 948 4457 vem
958 4408 1095 4471 perficiunt,
1104 4408 1228 4457 bovuioum
1236 4407 1332 4471 quando
1341 4407 1427 4471 aliquis
1435 4405 1530 4457 videvit.

832 4500 864 4546 nt
872 4496 930 4545 mibi
940 4510 986 4545 non
996 4496 1051 4545 binc
1060 4500 1119 4560 puto
1127 4508 1198 4558 grave
1207 4496 1327 4544 somnium

832 4584 941 4634 venisse:
952 4588 1016 4634 certe
1024 4588 1118 4646 gratum
1127 4584 1185 4632 mibi
1195 4587 1219 4632 et
1228 4582 1277 4631 tilio
1284 4583 1352 4632 toret.

833 4670 903 4720 Aliud
912 4675 992 4721 auum
1000 4671 1044 4722 ubi
1053 4671 1146 4730 dicam,
1157 4674 1183 4719 tu
1192 4683 1250 4719 vero
1259 4669 1283 4718 in
1293 4672 1373 4718 mente
1381 4667 1533 4718 recondetas
1542 4683 1549 4716 ι

832 4759 885 4808 bmc
891 4758 941 4821 ῖιιιυ
949 4772 1034 4807 aurora
1042 4757 1152 4807 adveniet
1160 4757 1277 4817 inlausta,
1288 4770 1343 4819 quae
1353 4769 1392 4805 me
1401 4755 1495 4817 Ulyssis

832 4844 925 4895 adomo
931 4846 1050 4896 amovebit
1060 4861 1066 4893 ι
1077 4858 1140 4893 nunc
1149 4845 1213 4892 enim
1222 4844 1341 4907 deponam
1349 4847 1484 4904 certamen,

833 4947 942 4994 secures,
951 4946 1012 4996 quas
1021 4932 1060 4981 ille
1069 4932 1093 4980 in
1103 4931 1195 4981 uadibus
1205 4933 1255 4981 suis

833 5021 952 5070 statuebat
958 5020 1048 5081 ordine,
1054 5018 1285 5068 naviumstatumina
1289 5017 1372 5078 veluti,
1377 5015 1504 5067 duodecim
1508 5030 1590 5066 omnes
1598 5032 1604 5066 :

833 5113 898 5160 suus
907 5112 987 5158 autem
995 5107 1034 5157 ile
1043 5106 1207 5171 valdeproeul‚
1213 5104 1497 5169 peromnlcsornmlna
1505 5104 1604 5166 trajicie-

833 5199 874 5249 bat
882 5193 1011 5260 numm]
1020 5198 1088 5246 Nunc
1096 5206 1152 5244 vero
1162 5193 1239 5258 procis
1250 5198 1369 5245 certamen
1378 5192 1424 5243 boc
1432 5193 1552 5258 inponam
1563 5208 1569 5240 :
