3570 5932
111 470 167 520 308
345 461 591 522 ΟΔΥΣΣΕΙἈΣ
617 463 651 523 Β.

161 589 264 672 Μέντορ
274 589 416 673 ἀταριηρέ,
426 590 519 674 φρένας
527 590 588 664 ἠλεί
597 637 604 664 ,
616 600 688 651 ποῖον
700 591 798 667 ἔειπες,

160 677 244 755 ἡμέας
254 675 366 759 ὀτρύνειν
375 677 569 757 καταπαυέμεν.
580 678 718 760 Ἀργαλέον
729 678 757 740 δέ

106 784 145 823 νει
159 765 267 847 ἀνδράσι
276 763 321 824 καί
329 765 466 825 πλεόνεσσι
476 767 647 845 μαχήσασθαι
656 768 715 849 περὶ
725 765 802 826 δαιτί.

159 850 244 934 Είπερ
253 850 304 932 γάρ
313 854 337 910 κ’
349 851 471 920 Ὀδυσεὺς
480 854 625 925 Ἰθακήσιος
635 852 712 920 αὐτὸς
720 852 835 913 ἐπελθών

158 939 323 1017 δαινυμένους
331 938 400 998 κατά
410 942 485 1016 δῶμα
496 940 537 998 liv
550 944 701 1022 μνηστῆρας
710 940 822 1021 ἀγαυοὺς

157 1024 277 1093 ἐξελάσαι
288 1027 410 1108 μεγάροιο
420 1027 572 1104 μενοινήσει’
583 1026 619 1086 ἐνί
629 1031 717 1109 θυμῷ,

153 1112 182 1180 ql
194 1111 237 1172 κέν
247 1115 271 1172 οἱ
282 1113 419 1195 κεχάροιτο
428 1112 508 1193 γυνή,
520 1112 592 1192 μάλα
602 1137 651 1196 πεφ
660 1113 808 1194 χατέουσα,

103 1218 143 1259 aaa
153 1198 259 1260 ἐλθόντ’·
271 1200 340 1259 ἀλλά
349 1225 393 1259 κεν
403 1203 481 1260 αὐτοῦ
491 1201 580 1259 ἀεικέα
591 1198 692 1278 πότμον
701 1200 819 1273 ἔπίσποι,

156 1289 179 1345 εί
188 1285 325 1346 πλεόνεσσι
334 1288 454 1367 μάχοιτο·
465 1285 497 1348 σθ
507 1289 529 1347 δ’
539 1290 569 1346 οὗ
579 1286 648 1347 κατδι
658 1297 750 1370 μοῖραν
760 1288 851 1355 ἔειπες.

156 1375 224 1435 Ἀλλ’
236 1374 297 1454 ἀγε,
307 1376 366 1435 λαοί
376 1374 424 1454 μὲν
434 1375 566 1435 σκίδνασθ’
578 1375 621 1434 ἐπί
631 1374 694 1457 ἔργα
704 1376 819 1444 ἔκαστος·

153 1459 237 1543 τούτῳ
247 1462 270 1519 δ’
279 1461 392 1544 ὀτρυνέει
401 1461 512 1545 Μέντωρ
522 1461 580 1521 iiia
589 1461 800 1546 ἠδ’Ἀλιθέρσης,

154 1546 207 1606 οἵτε
216 1550 240 1606 al
250 1546 275 1616 ἐξ
286 1550 368 1630 ἀρχῆς
377 1547 504 1631 πατρώϊα(
514 1551 577 1607 εἰσιν
587 1553 692 1630 ἑταῖροι.

101 1653 140 1693 aab
155 1634 232 1707 Ἀλλ’,
241 1629 301 1707 ὀίω,
312 1635 356 1693 καί
367 1633 431 1707 eqni
442 1635 600 1713 καθήμενος,
612 1635 758 1715 ἀγγελιάων

153 1720 278 1780 πεύσεται
288 1725 324 1780 είν
335 1721 440 1801 Ἰθάκῃ,
450 1720 532 1780 τελέει
542 1722 564 1780 δ’
576 1721 634 1780 ὁδδν
644 1721 738 1781 οὔποτε
746 1721 852 1797 ταύτην.

192 1808 242 1876 Ὣς
250 1808 291 1890 ἀρ’
302 1807 441 1890 ἐφώνησεν·
450 1811 527 1867 λῦσεν
537 1810 561 1867 δ’
573 1808 669 1891 ἀγορὴν
676 1810 799 1892 αἰψηρήν.

153 1897 189 1958 Ol
199 1893 246 1974 μέν
257 1896 298 1978 ἄρ’
310 1895 460 1956 ἐσκίδναντο
470 1894 499 1954 li
510 1895 575 1978 πρδς
584 1896 682 1974 δώμαθ’
695 1896 810 1966 ἕκαστος·

154 1987 300 2066 μνηστῆρες
310 1984 332 2041 δ’
342 1986 367 2051 ἐς
377 1982 477 2060 δώματ’
487 1983 546 2042 ίσαν
556 1983 624 2042 θείου
633 1984 769 2056 Ὀδυσῆος.

100 2089 140 2131 aaa
192 2070 353 2150 Τηλέμαχος
365 2071 386 2129 δ’
397 2069 525 2129 ἀπάνευθε
535 2068 598 2129 κιών
613 2069 656 2129 ἐπί
666 2076 722 2130 θῖνα
732 2072 877 2148 θαλάσσης,

150 2166 241 2240 χεῖρας
250 2157 388 2239 νιψάμενος
396 2160 489 2230 πολιῆς
498 2157 573 2229 iiie,
583 2157 667 2238 εὔχετ’
675 2158 778 2239 Ἀθήνη·

192 2242 276 2306 Κλῦθί
288 2267 347 2323 μοι,
356 2243 370 2302 ὀ
379 2243 465 2324 χθιζδς
475 2242 530 2311 θεδς
538 2244 630 2316 ήλυθες
638 2244 765 2328 ῆμέτερον
777 2249 828 2321 δῶ,

152 2330 200 2390 καί
210 2337 239 2409 μ’
249 2334 276 2390 ἐν
285 2327 328 2404 νηί
336 2329 461 2399 κέλευσας
470 2334 510 2390 ἐπ’
521 2330 653 2414 ἠεροειδέα
661 2331 764 2406 πόντον,

157 2416 246 2477 νόστον
257 2416 415 2496 πευσόμενον
425 2417 523 2499 πατρὸς
533 2417 580 2490 δὴν
590 2418 750 2499 οἰχομένοιο,

97 2523 137 2564 τοι
150 2503 323 2586 ἔρχεσθαι·τά
334 2503 361 2564 δέ
371 2504 458 2564 πάντα
470 2504 646 2588 διατρίόουσιν
655 2506 767 2585 Ἀχαιοί,

151 2596 296 2674 μνηστῆρες
305 2590 332 2652 δέ
342 2591 471 2670 μαλιστα,
480 2597 567 2660 κακῶς
576 2597 688 2675 θπερηνο
704 2592 795 2662 ίοντες.

189 2678 239 2747 Ὣς
248 2678 321 2762 ἔφατ’
331 2678 478 2760 εὐχόμενος·
486 2679 606 2759 σχεδόθεν
617 2679 645 2740 δέ
653 2685 677 2740 cl
687 2617 763 2754 ῆλθεν
770 2680 874 2756 Ἀθήνη,

149 2764 263 2848 Μέντορι
272 2766 390 2844 εἰδομένη
400 2766 467 2844 ήμὲν
478 2766 558 2845 δέμας
568 2767 614 2839 ἠδέ
623 2768 669 2827 καί
679 2768 747 2840 αόδή
763 2793 770 2806 ·

149 2852 194 2911 καί
205 2877 249 2930 μιν
259 2854 393 2935 φωνήσασ’
404 2854 468 2913 ἔπεα
478 2852 619 2936 πτερόεντα
629 2853 769 2936 προςηόδα·

96 2958 136 2999 270
189 2939 339 3020 Τηλέμαχ’,
347 2939 673 3007 οὐδ’ὀπιθενκακδςέσσεαι
682 2941 872 3020 οόδ’ἀνοήμιον.

152 3027 186 3085 Εἰ
196 3025 276 3100 δήτοι
286 3032 331 3086 σοῦ
342 3025 439 3108 πατρὸς
449 3026 600 3085 ένέστακται
610 3026 685 3104 μένος
693 3026 742 3102 ib,

149 3103 200 3177 οἷος
209 3113 304 3177 ἐκεῖνος
314 3110 358 3182 ἔην
367 3109 471 3170 τελέσαι
481 3110 555 3192 ἔργον
566 3135 594 3170 τε
604 3111 663 3179 ἔπος
672 3135 715 3185 τε,

149 3196 179 3257 οὗ
187 3220 228 3256 τοι
238 3195 317 3255 ἔπειθ’
328 3196 389 3268 ἁλίη
400 3196 456 3263 iii<
465 3195 570 3255 ἔσσεται
580 3197 633 3256 οὐδ’
642 3196 788 3266 ἀτέλεστος·

149 3286 171 3342 εί
183 3285 204 3342 δ’
215 3287 243 3342 οὐ
254 3283 338 3343 κείνου
350 3284 374 3362 γ’
385 3284 440 3342 ἐσσί
450 3283 523 3363 γόνος
531 3283 576 3342 καί
586 3284 778 3357 Πηνελοπείης,

96 3391 135 3430 27⁶
148 3374 178 3429 οθ
186 3370 240 3450 τόγ’
252 3370 343 3429 ἔπειτα
353 3370 434 3429 ἔολπα
445 3370 607 3440 τελευτήσειν
616 3371 633 3428 ἀ
642 3382 767 3453 μενοινᾷς.

148 3461 252 3539 Παθροι
261 3457 311 3538 γάρ
321 3480 361 3514 τοι
370 3458 461 3523 παῖδες
471 3460 555 3533 ὁμοῖοι
564 3455 644 3536 πατρί
653 3456 783 3515 πέλονται·

148 3547 172 3604 οἱ
181 3544 286 3610 πλέονες
295 3543 412 3615 κακίους,
422 3549 516 3624 παῦροι
527 3541 555 3600 δέ
563 3566 591 3600 τε
602 3543 699 3623 πατρὸς
712 3545 818 3627 ἀρείους.

148 3631 217 3690 Ἀλλ’
227 3629 284 3688 ἐπεί
293 3630 345 3689 οὐδ’
355 3628 441 3688 ὀπιθεν
451 3629 530 3697 κακὸς
541 3628 629 3687 ἔσσεαι
639 3632 693 3688 οὐδ’
705 3631 835 3709 ἀνοήμων,

148 3716 208 3778 otii
217 3741 246 3775 σε
256 3716 345 3796 πάγχυ
354 3741 384 3794 γε
395 3721 471 3794 μῆτις
484 3716 629 3789 Ὀδυσσῆος
638 3717 815 3797 προλέλοιπεν,

94 3823 134 3865 aaa
147 3803 252 3884 ἐλπωρή
262 3826 301 3861 τοι
311 3802 401 3861 ἔπειτα
411 3806 566 3874 τελευτῆσαι
575 3803 637 3862 τάδε
647 3804 718 3884 ἔργα.

148 3895 196 3972 Τῷ
204 3897 249 3948 νῦν
260 3889 415 3972 μνηστήρων
426 3890 472 3967 μὲν
483 3889 513 3948 έοι
525 3891 620 3969 βουλήν
629 3915 657 3949 τε
669 3893 725 3950 νόον
735 3917 763 3951 τε

146 3976 292 4059 ἀφραδέων,
303 3976 360 4036 ἐπεί
369 3977 424 4036 οὔτε
434 3977 556 4054 νοήμονες
566 3980 624 4036 οὐδὲ
635 3979 738 4038 δίκαιοι·

108 4080 110 4084 “
146 4063 206 4124 οὐδέ
216 4088 241 4121 ει
250 4063 337 4121 ίοασιν
347 4062 456 4121 θάνατον
467 4063 513 4121 καί
523 4068 601 4144 Κῆρα
613 4064 747 4141 μέλαιναν,

146 4149 173 4217 δς
182 4150 214 4220 δή
224 4173 269 4231 σφε
279 4148 370 4228 σχεδόν
380 4153 458 4222 ἐστιν,
469 4153 509 4209 ἐπ’
519 4150 602 4227 ἤματι
611 4150 711 4217 πάντας
720 4151 831 4211 ὀλέσθαι.

94 4256 133 4297 aaa
143 4237 191 4298 Σοί
201 4236 223 4295 δ’
233 4236 289 4303 iii<
298 4235 383 4294 οὐκέτι
394 4235 471 4317 δηρδν
481 4235 623 4297 ἀπέσσεται
633 4238 664 4308 ἣν
675 4237 705 4297 σθ
716 4250 840 4322 μενοινᾷς.

146 4328 224 4389 Τοῖος
232 4322 283 4404 γάρ
292 4347 331 4381 τοι
341 4327 440 4404 ἑταῖρος
449 4321 500 4401 ἐγὼ
508 4323 637 4404 πατρώϊός
646 4328 713 4402 είμι,

144 4409 171 4477 ὀς
179 4434 219 4468 τοι
228 4415 278 4481 νῆα
288 4409 348 4481 θοῆν
360 4408 457 4469 στελέω
467 4410 511 4468 καί
521 4410 567 4487 ἀμ’
578 4411 673 4491 ἕψομαι
684 4412 767 4479 αὐτός.

147 4496 226 4556 Ἀλλά
236 4495 267 4554 σθ
279 4495 326 4574 μέν
335 4496 399 4578 πρὸς
409 4494 507 4574 δώματ’
519 4494 563 4554 ἰὼν
573 4503 732 4579 μνηστῆρσιν
742 4498 840 4575 ὁμίλει,

147 4582 270 4642 ὅπλισσόν
278 4586 301 4642 τ’
312 4584 357 4656 ήϊα
367 4584 412 4642 καί
421 4584 526 4663 ἀγγεσιν
537 4583 614 4665 ἄρσον
625 4585 742 4656 ἅπαντα,

95 4689 134 4729 aaa
147 4660 214 4728 οἶνον
224 4672 249 4726 ἐν
260 4672 446 4751 ἀμφιφορεῦσι,
456 4670 502 4729 καί
512 4671 621 4751 ἄλφιτα,
633 4671 727 4748 μυελὸν
739 4675 847 4755 ἀνδρῶν,

147 4753 272 4836 δέρμασιν
284 4759 310 4814 ἐν
319 4765 470 4815 πυκινοῖσιν·
482 4756 533 4834 ἐγώ
543 4758 565 4815 δ’
576 4756 625 4816 ἀνθ
635 4760 716 4835 δῆμον
726 4760 841 4840 ἑταίρους

147 4832 202 4923 αἶψ’
213 4843 379 4924 ἐθελοντῆρας
388 4843 553 4921 συλλέξομαι·
564 4845 613 4903 εέσί
624 4843 650 4903 δέ
660 4849 718 4915 νῆες

146 4927 279 4987 miiaiin
290 4928 415 5012 ἀμφιάλῳ
424 4930 529 5009 Ἰθάκη,
539 4930 595 4989 νέαι
608 4930 655 5001 ἠδὲ
663 4929 784 4989 παλαιαί·

147 5014 218 5073 τάων
226 5013 273 5091 μέν
284 5039 323 5074 τοι
333 5015 399 5095 ἐγὼν
413 5017 554 5096 ἐπιόψομαι
563 5019 619 5089 ἥτις
628 5018 735 5096 ἀρίστη,

94 5119 134 5161 aaa
146 5091 204 5162 ώκα
214 5101 236 5159 δ’
246 5101 446 5182 ἐφοπλίσσαντες
456 5105 579 5181 ἐνήσομεν
589 5104 657 5185 εὐρέϊ
666 5105 760 5185 πόντῳ.

187 5187 236 5255 Ὦς
246 5188 305 5269 φάτ’
315 5187 437 5262 Ἀθηναίη
443 5233 451 5261 ,
461 5188 541 5270 κούρη
552 5189 619 5279 dude·
630 5192 683 5249 οὐδ’
693 5190 734 5271 ἀρ’
745 5189 783 5249 ἔτι
792 5189 838 5262 δὴν

1160 467 1395 557 Ιοιινευυπι
1420 473 1464 534 ιι.

924 597 1017 644 Mentor
1025 597 1109 658 noma,
1119 597 1213 659 ingenio
1222 591 1321 660 stolide,
1330 601 1401 663 quale
1410 601 1554 664 lamtuses,

923 695 968 731 nos
976 683 1104 733 adirmtam
1110 688 1310 748 utcompesesutl
1321 687 1421 738 Difficile
1430 702 1489 740 τετυ
1496 693 1548 739 eru

923 770 982 820 viris
991 771 1064 820 eiam
1072 773 1181 835 pluribus
1189 787 1294 836 paganae
1304 775 1435 826 ιιοόίοουιιι
1443 776 1476 828 de
1484 777 1599 828 convivio.

923 859 1017 906 Etenim
1027 858 1047 907 sl
1060 859 1158 920 Ulysses
1167 861 1300 911 Ithacensis
1309 862 1361 925 ipse
1368 862 1502 913 adveniens

922 945 1078 995 convivantes
1087 959 1129 1008 per
1137 946 1238 996 domum
1247 960 1314 997 suam
1324 963 1409 1011 procos
1417 951 1524 1001 illustres

922 1031 1040 1093 expellere
1049 1032 1121 1082 domo
1129 1034 1243 1094 cogitaret
1252 1036 1277 1083 in
1287 1036 1379 1096 animo,

922 1119 1029 1181 nonipso
1037 1118 1156 1169 laetaretur
1165 1133 1233 1181 nior,
1243 1124 1396 1183 qusutvnmvis
1405 1123 1478 1173 valde
1486 1123 1631 1185 delerem

922 1206 1046 1267 veniente;
1054 1205 1096 1256 scd
1105 1209 1128 1256 ιε
1137 1207 1170 1256 ibi
1179 1220 1270 1257 saevam
1279 1213 1380 1259 mortem
1389 1210 1482 1270 obiret,

922 1293 1632 1357 sicnmpluribnspugriaret3tnrarououreatelocutuees

923 1379 972 1430 sed
979 1393 1034 1442 age,
1044 1381 1110 1429 cives
1119 1380 1217 1442 quidem
1223 1381 1392 1445 dispergamini
1400 1383 1431 1432 ad
1439 1398 1513 1448 opera
1522 1387 1679 1449 uuusquisque;

921 1466 978 1517 hnic
987 1472 1067 1517 autem
1076 1467 1212 1530 properabit
1220 1472 1313 1518 Mentor
1322 1470 1380 1530 iter,
1390 1475 1415 1520 et
1424 1471 1587 1533 Malitia-ses,

921 1555 993 1616 quiei
1003 1568 1018 1603 a
1027 1554 1144 1618 principio
1153 1555 1246 1618 paterni
1255 1557 1398 1606 sunlamici.

921 1641 983 1703 Sed,
993 1647 1065 1704 puto,
1073 1643 1147 1691 etium
1155 1642 1197 1691 din
1206 1642 1306 1704 sedens,
1315 1645 1414 1694 nundus

921 1730 1096 1792 percontabitur
1104 1729 1129 1778 ln
1138 1731 1235 1792 Ιῑθεοις
1244 1729 1350 1793 perficiet
1358 1744 1417 1781 varo
1425 1732 1472 1781 iter
1480 1731 1528 1782 boc
1536 1747 1656 1796 nunquam

952 1817 993 1866 Sic
1004 1817 1075 1878 igitur
1084 1817 1238 1878 locvniusest,
1247 1817 1367 1881 solvitque
1375 1819 1518 1868 condamm
1526 1821 1631 1870 oelerarm

921 1908 999 1966 Atque
1007 1904 1032 1953 bi
1041 1904 1138 1967 quidem
1147 1904 1342 1967 dispergebmtm
1350 1918 1420 1955 suam
1429 1905 1461 1955 ad
1470 1905 1570 1963 domum
1578 1909 1679 1970 quisque:

920 1990 984 2053 proci
994 2003 1052 2041 vero
1060 1990 1091 2039 ad
1100 1990 1165 2040 redes
1172 1991 1270 2042 iverunt
1279 1991 1356 2040 divini
1363 1992 1466 2053 Ulyssls.

951 2077 1107 2127 Telemachus
1116 2084 1196 2128 αυιοπι
1207 2091 1315 2128 semaam
1323 2079 1444 2142 protectus
1453 2079 1485 2128 ad
1495 2079 1554 2128 litus
1562 2081 1637 2140 muris,

920 2177 1005 2214 manus
1013 2164 1197 2227 quumlavisset
1205 2177 1291 2214 ecana
1301 2165 1374 2224 mari,
1383 2165 1533 2228 supplicabat
1542 2167 1661 2218 muare:

950 2251 1590 2315 numinaquineiieusveuistinosuamdamum,

919 2343 944 2389 et
953 2352 991 2388 me
1000 2339 1025 2386 in
1035 2339 1091 2387 navi
1098 2338 1192 2399 jussisti
1201 2338 1377 2400 perobscurum
1387 2343 1497 2402 pontum,

918 2427 1021 2476 reditum
1031 2427 1209 2476 sciscitaturum
1216 2427 1292 2490 patris
1300 2426 1344 2475 din
1351 2427 1472 2487 absentis,

919 2514 1049 2576 proticisci:
1059 2513 1112 2562 brec
1121 2526 1179 2562 vero
1188 2513 1268 2562 omnia
1275 2513 1409 2576 impediunt
1418 2513 1516 2576 Achivi,

917 2601 983 2664 proci
992 2605 1074 2650 aulem
1084 2600 1252 2664 potissimum,
1262 2601 1325 2651 male
1336 2601 1511 2663 superbiente.

948 2689 988 2738 Sic
995 2688 1029 2737 ait
1038 2701 1137 2751 precans
1148 2703 1154 2736 ε
1164 2701 1241 2752 prope
1248 2692 1329 2737 sutem
1337 2687 1407 2737 iilum
1416 2687 1484 2737 veuit
1494 2689 1606 2749 Micam,

917 2776 1018 2826 Mentori
1027 2776 1113 2825 similis
1122 2780 1174 2824 tum
1187 2787 1300 2838 corpore,
1310 2778 1361 2823 tam
1370 2774 1443 2824 etiam
1454 2786 1531 2835 vane3

916 2866 941 2911 el
949 2875 1006 2911 eum
1015 2863 1159 2925 compellans
1166 2861 1246 2912 verbis
1256 2861 1326 2910 Malis
1335 2861 1487 2910 adccaluest
1496 2875 1503 2908 ι

948 2949 1098 3011 Telemacbe,
1111 2962 1189 3012 neque
1204 2950 1360 3011 iupcslemm
1368 2948 1470 3010 ignavus
1479 2947 1527 2998 eris
1532 2983 1541 3009 ,
1556 2960 1597 2997 aec
1607 2947 1670 3009 inqu

915 3037 995 3101 daus]
1004 3039 1029 3087 si
1037 3038 1135 3100 quidem
1143 3037 1188 3086 tibi
1196 3036 1231 3085 tni
1241 3036 1315 3098 patris
1324 3034 1499 3085 inanisceret
1506 3035 1598 3084 animas
1606 3034 1668 3090 lorti.

915 3127 992 3189 qualis
1002 3126 1041 3175 ille
1049 3128 1101 3174 erat
1108 3122 1318 3187 adperliaiendnm
1326 3133 1435 3185 opumque
1443 3121 1594 3184 dictumque,

916 3224 963 3259 uon
974 3211 1017 3259 tibi
1025 3208 1111 3259 deinde
1120 3221 1208 3257 vanum
1217 3208 1262 3257 iter
1270 3209 1327 3267 erit,
1344 3221 1422 3271 neque
1430 3206 1543 3258 irritum:

915 3296 936 3346 si
946 3311 1002 3346 vero
1011 3311 1057 3345 uon
1067 3296 1132 3344 illius
1141 3309 1167 3344 es
1176 3295 1240 3344 lilius
1249 3300 1274 3345 et
1283 3295 1427 3358 Penelopes,

914 3398 961 3433 non
971 3383 1102 3446 tequidem
1111 3382 1197 3431 deiude
1203 3396 1273 3444 spero
1282 3382 1507 3444 perfecturum-esse
1516 3395 1571 3444 quae
1580 3380 1659 3430 malim

915 3472 985 3520 Pauci
995 3471 1083 3519 etenim
1092 3469 1133 3518 sulii
1143 3470 1233 3518 similes
1241 3469 1303 3531 patri
1313 3472 1382 3530 snut;

914 3559 1019 3620 plerique
1028 3557 1132 3620 peiores,
1142 3557 1212 3618 pauci
1222 3570 1279 3605 vero
1287 3561 1354 3618 patre
1363 3555 1481 3605 meliores.

913 3645 1076 3707 sedquoniam
1082 3657 1158 3706 neque
1164 3646 1320 3705 inposterum
1326 3642 1529 3704 ignavuserisuec
1540 3640 1667 3705 imprudens,

913 3746 957 3781 nec
966 3737 990 3781 te
1001 3732 1094 3795 peritus
1105 3731 1229 3792 prudentia
1238 3730 1330 3791 Ulyssis
1339 3731 1449 3792 reliquit,

913 3834 967 3882 spes
977 3820 1020 3868 tibi
1028 3819 1139 3880 deinceps
1147 3822 1185 3866 erl
1195 3821 1219 3866 te
1227 3817 1387 3879 perfecturum
1397 3818 1450 3866 base
1459 3830 1540 3879 opera.

912 3906 969 3956 Ideo
978 3919 1041 3954 nunc
1050 3917 1174 3968 procorum
1184 3904 1281 3967 quidem
1291 3904 1343 3952 sine
1351 3903 1527 3965 musiiiumqne
1536 3907 1667 3961 mentemque

912 3993 1082 4056 insipientium,
1092 3992 1203 4055 quoniam
1208 3991 1346 4053 neutiquam
1352 3990 1490 4052 prudentes,
1501 4003 1545 4039 nec
1552 3990 1607 4051 iusti
1614 3987 1667 4037 sunl

913 4094 990 4143 neque
997 4079 1093 4128 omnino
1102 4079 1180 4127 sciunt
1189 4083 1303 4136 mortem,
1314 4091 1342 4125 ac
1349 4078 1423 4125 latum
1433 4082 1527 4136 atrum,

912 4167 1022 4230 quaejam
1033 4166 1079 4216 illis
1088 4167 1209 4226 imminet,
1220 4164 1258 4214 die
1266 4178 1313 4212 uno
1322 4177 1405 4213 omnes
1412 4169 1556 4226 uipereaut.

912 4255 965 4304 Tibi
970 4267 1027 4303 vero
1031 4253 1145 4316 profectio
1149 4252 1310 4314 non-amplius
1319 4252 1386 4312 longo
1391 4250 1467 4299 aberit
1476 4264 1549 4312 quam
1555 4256 1581 4299 ln
1588 4247 1665 4298 meliis.

911 4340 975 4390 'ralis
984 4340 1046 4389 euim
1056 4339 1099 4387 tibi
1108 4339 1200 4388 amicas
1208 4351 1252 4399 ego
1260 4343 1373 4400 paurum
1382 4350 1450 4399 sum,

910 4429 951 4491 qui
961 4428 1004 4476 tibi
1010 4440 1096 4475 navem
1105 4427 1205 4475 celerem
1215 4425 1316 4486 parabm
1324 4429 1350 4474 et
1359 4424 1429 4472 simui
1439 4423 1571 4473 comitabor
1580 4423 1632 4485 ipse.

911 4514 957 4564 Sed
965 4519 991 4563 tu
999 4513 1093 4576 quidem
1103 4512 1134 4561 ad
1145 4512 1229 4560 domos
1239 4511 1358 4573 proiectus
1368 4511 1446 4573 procis
1456 4511 1568 4569 intersis,

910 4614 1043 4663 apparnque
1050 4601 1136 4648 viatica
1145 4602 1169 4648 et
1179 4599 1242 4646 vasis
1252 4598 1328 4647 conde
1336 4597 1441 4659 singula,

910 4690 992 4736 vinnm
1002 4688 1025 4735 in
1032 4687 1164 4746 amplioris,
1174 4691 1199 4735 et
1209 4686 1321 4745 lamnam,
1331 4684 1460 4734 medullam
1471 4683 1606 4741 homiuum,

909 4774 1002 4823 utribus
1011 4774 1035 4821 in
1044 4773 1124 4822 densis
1132 4789 1139 4831 ;
1149 4786 1192 4833 ego
1202 4785 1258 4821 vero
1267 4786 1309 4833 per
1317 4771 1430 4833 populum
1440 4769 1520 4819 socios

908 4861 988 4910 statim
997 4860 1143 4909 voluntarios
1150 4860 1259 4919 colligam
1270 4873 1276 4906 ι
1287 4863 1344 4907 sunt
1352 4864 1432 4906 autem
1442 4870 1517 4907 naves

908 4948 989 4997 multae
999 4948 1023 4995 in
1032 4945 1169 4995 circumflua
1179 4947 1271 5005 Ithaca,
1281 4958 1351 4993 novae
1362 4949 1387 4993 et
1396 4948 1491 4993 veteres
1502 4958 1509 4991 :

907 5036 992 5084 barum
1001 5032 1096 5096 quidem
1106 5032 1148 5081 tibi
1158 5046 1201 5093 ego
1212 5030 1341 5094 providebo
1349 5044 1407 5080 eam
1416 5044 1472 5092 qum
1481 5030 1571 5093 optima
1577 5029 1622 5081 sib·

907 5121 1033 5182 statimque
1044 5120 1186 5169 instructam
1195 5118 1340 5168 deducemus
1350 5117 1460 5166 inlatum
1469 5130 1545 5166 mare.

939 5208 979 5257 Sic
988 5207 1049 5256 dixit
1056 5207 1175 5267 Minerva,
1185 5204 1234 5254 filia
1242 5205 1310 5256 iovis
1320 5220 1326 5254 ε
1337 5218 1414 5268 neque
1423 5204 1528 5268 amplius
1535 5202 1577 5254 diu
