3570 5932
225 427 402 487 lblbnoz
426 429 459 488 Υ.

97 582 136 624 τις
145 555 191 624 καί
201 555 290 635 έμειγε
300 561 363 616 θεῶν
373 556 539 641 ἐπιτάρροθός
549 561 626 619 ἐστιν.

100 638 133 706 αθ
142 644 201 712 τοὺς
211 645 303 712 ἄλλους
312 645 472 724 ἐπιείσομαι,
484 645 512 705 δν
522 671 551 706 κε
561 647 660 726 κιχείω.

95 735 175 794 εἰπὼν
180 733 278 815 Δρύοπ’
284 724 346 792 citra
356 736 414 792 κατ’
421 734 518 813 αὐχένα
527 735 623 813 μέσσον
629 735 725 794 άκοντι·

89 823 117 882 δὲ
125 822 284 903 προπάροιθε
293 822 388 879 ποδῶν·
398 825 412 879 6
422 821 448 880 δέ
458 822 502 880 τὸν
512 822 560 901 μέν
569 822 654 896 ἔασεν,

89 921 141 992 ἰχον
151 909 178 968 δὲ
189 910 375 990 Φιλητορίδην,
384 905 433 980 liv
443 934 471 969 τε
481 911 564 991 μέγαν
572 936 614 983 τε,

89 1001 123 1057 ίνυ
133 990 204 1079 δουρὶ
216 995 303 1076 βαλὼν
312 996 436 1078 ἠρύκακε·
446 999 490 1057 τὸν
500 997 548 1076 μὲν
557 999 647 1058 ἔπειτα

89 1113 117 1146 ,ιν
126 1087 192 1168 ξίφεϊ
201 1084 308 1167 μεγάλῳ
318 1085 433 1153 ἐξαίνυτο
442 1085 530 1164 θυμόν.

89 1205 93 1234 ι
103 1182 117 1235 6
127 1175 258 1253 Λαόγονον
268 1175 313 1234 καλ
323 1175 466 1259 Δάρδανον,
476 1168 515 1235 υἷε
526 1176 648 1250 Βίαντος,

90 1263 255 1347 ἐφορμηθεὶς,
265 1263 291 1332 ἐξ
300 1261 387 1322 ἵππειον
397 1255 448 1324 ὦσε
458 1271 575 1345 χαμᾶζε,
676 1324 678 1328 ,

89 1378 102 1410 ν
113 1351 183 1432 δουρὶ
196 1349 292 1430 βαλὼν,
302 1351 346 1410 τὀν
356 1351 383 1410 δὲ
394 1353 486 1432 σχεδὸν
497 1354 553 1436 άορι
564 1352 655 1436 τύψας·

92 1443 114 1500 δ’
125 1438 317 1520 Ἀλαστορίδην·
328 1443 341 1498 6
352 1438 399 1517 μέν
410 1440 495 1522 ἀντίος
503 1443 596 1515 ήλυθε,
606 1443 714 1523 γούνων,

89 1521 117 1587 ei
126 1526 379 1609 πεφίδοιτο,λα6ὼν,
389 1528 434 1586 καὶ
443 1529 507 1596 ζωὸν
517 1529 608 1613 ἀφείη,
735 1520 741 1536 ’

89 1614 276 1685 ,ατακτείνειεη
285 1611 425 1691 ὁμηλικίην
436 1615 554 1687 ἐλεήσας·

98 1750 106 1774 ,
116 1701 174 1762 olel
184 1701 214 1759 τδ
223 1702 290 1781 ᾔδη,
301 1699 353 1759 ὃοθ
363 1701 498 1760 πείσεσθαι
509 1702 625 1780 ἔμελλεν.

89 1816 101 1873 ρ
110 1809 139 1849 τι·
145 1788 307 1870 γλυκύθυμος
316 1786 382 1870 ἀνὴρ
392 1781 423 1861 ἦν
433 1790 485 1849 οὐδ’
496 1789 658 1872 ἀγανόφρων,

89 1878 142 1937 ιάλ’
152 1875 303 1956 ἐμμεμαώς·
313 1880 326 1935 6
337 1876 384 1954 μὲν
396 1877 493 1949 ἥπτετο
502 1879 602 1962 χείρεσι
610 1879 719 1959 γούνων,

89 1965 232 2036 ςλίσσεσθ,
242 1968 256 2022 6
267 1963 293 2023 δέ
303 1964 429 2046 φασγάνῳ
438 1957 502 2024 α’ύτα
512 1970 569 2025 καθ’
582 1960 664 2048 ἧπαρ·

89 2047 181 2135 ἱήπαρ
190 2052 299 2125 θ’λισθεν,
310 2050 377 2134 άτθιρ
387 2051 470 2130 μέλαν
480 2046 547 2132 αἷμα
557 2058 616 2114 κατ’
626 2060 705 2116 αὐτοῦ

89 2168 94 2197 ι
104 2141 254 2213 ἐνέπλησεν,
263 2138 307 2198 τὀν
318 2138 344 2198 δέ
354 2139 445 2208 σκύτος
453 2141 514 2200 ὄσσε
523 2143 647 2225 κάλυψεν,

91 2228 236 2306 δευόμενον.
247 2227 281 2288 Ὁ
291 2226 318 2286 δέ
329 2227 444 2288 Μούλιον
455 2221 517 2289 οθτα
527 2233 664 2314 παραστάς

89 2320 139 2376 ιατ’
149 2308 200 2383 οθς
210 2307 282 2397 εἶθαρ
292 2314 319 2374 δέ
330 2318 362 2374 δι’
373 2315 464 2385 οὔατος
473 2310 529 2389 ἦλθ’
539 2321 635 2402 ἑτέροιο

94 2402 215 2485 χαλκείη·
226 2403 272 2462 66’
282 2403 417 2485 Ἀγήνορος
426 2405 480 2464 υἱδν
489 2403 620 2487 Ἔχεκλον

89 2473 161 2550 νκδκ
170 2490 286 2572 κεφαλήν
296 2490 361 2573 ξίφει
371 2493 454 2563 ήλασε
463 2494 603 2566 κωπήεντι·

95 2576 275 2659 ὑπεθερμάνθη
287 2575 356 2658 ξίφος
365 2577 465 2655 αἵματι·
478 2578 522 2640 τὸν
532 2579 559 2640 δέ
569 2583 627 2642 κατ’
636 2583 698 2642 ὄσσε

89 2691 96 2726 ι
105 2664 249 2748 πορφύρεος
258 2664 367 2731 θάνατος
376 2664 422 2723 καλ
432 2669 519 2748 Μοῖρα
529 2669 651 2749 κραταιή.

89 2754 168 2813 λίωνα
177 2755 199 2810 δ’
211 2752 300 2824 ἔπειθ’,
309 2750 352 2810 ἵνα
362 2775 390 2810 τε
401 2750 533 2834 ξυνέχουσι
542 2756 655 2826 τένοντες

89 2864 130 2914 ος,
138 2845 171 2920 τῇ
180 2838 256 2917 τύνγε
268 2839 344 2920 φίλης
354 2838 396 2897 διδ
405 2840 492 2922 χειρὸς
502 2841 602 2925 ἐπειρεν

94 2925 216 3007 χαλκείη·
227 2930 241 2983 6
251 2924 279 2984 δέ
288 2948 332 3003 μιν
342 2925 403 3003 μένε
413 2937 491 3009 χεῖρα
503 2932 649 3012 βαρυνθεὶς,

89 3024 90 3033 ’
97 3013 181 3097 βρύων
190 3012 309 3085 θάνατον,
318 3017 332 3071 6
342 3010 369 3071 ll
379 3016 504 3098 φασγάνῳ
514 3018 611 3129 αὐχένα
621 3019 718 3095 θείνας,

89 3104 134 3181 θοή·
143 3101 244 3172 πήληκι
254 3099 320 3181 κάρη
334 3100 407 3180 βάλε·
419 3102 512 3178 μυελὸς
522 3127 585 3163 αυτε

89 3189 158 3248 ιλίων
168 3188 286 3247 ἔκπαλθ’·
297 3192 311 3246 6
321 3190 343 3246 δ’
354 3189 398 3246 ἐπὶ
407 3189 480 3268 χθονὶ
489 3199 559 3250 κεῖτο
569 3193 711 3263 τανυσθείς.

99 3281 113 3335 6
125 3281 158 3356 βῆ
170 3280 192 3358 ρ’
203 3273 268 3333 ἰέναι
279 3278 335 3352 μετ’
346 3275 469 3352 ἀμύμονα
481 3279 584 3361 Πείρεω
595 3282 658 3355 υἱὸν,

89 3387 119 3436 ιν,
130 3363 195 3430 &ix
204 3362 313 3442 Θρήκης
323 3361 481 3443 ἐριύώλακος
491 3366 642 3439 εἰληλούθει·

88 3454 118 3508 λε
126 3449 221 3527 μέσσον
229 3444 320 3508 ἄκοντι
324 3450 411 3529 ,πάγη
421 3453 443 3509 δ’
452 3453 478 3508 ἐν
487 3453 726 3537 πνεύμονιχαλκύς·

89 3540 108 3596 δ’
119 3537 145 3605 ἐξ
155 3536 283 3617 ὀχέων.Ὀ
294 3537 316 3594 δ’
326 3534 456 3619 Ἀρηίθοον
467 3541 627 3620 θεράποντα,

89 3649 141 3690 τους
150 3624 311 3706 στρύφαντα,
321 3625 480 3706 μετάφρενον
493 3627 545 3696 ὀξέϊ
554 3631 625 3713 δουρὶ

89 3711 122 3770 πθ
132 3713 154 3769 δ’
165 3712 281 3793 άρματος
290 3701 350 3769 ὦσε·
361 3714 513 3786 κυκήθησαν
524 3716 552 3773 δέ
561 3721 584 3775 οἱ
594 3717 679 3779 ἵπποι.

93 3801 116 3857 δ’
127 3799 290 3877 ἀναμαιμάει
302 3799 372 3879 βαθέ’
382 3801 465 3879 ἄγκεα
476 3805 612 3873 θεσπιδαὲς
620 3814 672 3889 πῦρ

92 3884 226 3957 ἀζαλέοιο,
240 3892 331 3966 βαθεῖα
342 3887 369 3946 δὲ
379 3889 481 3947 καίεται
492 3888 554 3964 θλη,

94 3997 122 4032 τε
133 3972 245 4032 κλονέων
256 3974 349 4052 άνεμος
358 3976 442 4056 φλόγα
453 3979 593 4061 εἰλυφάζει·

94 4061 183 4132 πάντη
193 4067 250 4120 θῦνε
262 4063 309 4120 σὺν
320 4063 404 4142 ἐγχεῖ,
415 4058 595 4143 δαίμονιῖσος,

89 4147 176 4215 νένσυς
185 4146 295 4228 ἐφέπων·
309 4149 348 4231 ῥέε
359 4153 381 4207 δ’
391 4150 483 4228 αἵματι
493 4162 556 4234 γαῖα
567 4156 686 4232 μέλαινα.

89 4235 130 4295 bre
139 4261 179 4303 τις
188 4236 263 4315 ζεύξῃ
276 4236 337 4315 βόας
346 4238 455 4318 ἄρσενας
466 4244 677 4322 εὐρυμετώπους,

89 4346 149 4380 εναι
159 4332 201 4404 κρῖ
211 4323 301 4381 λευκὸν
311 4324 448 4404 ἐϋκτιμένῃ
460 4328 486 4384 ἐν
496 4331 578 4410 ἀλωῇ·

90 4434 121 4469 τε
130 4409 205 4469 λέπτ’
215 4410 330 4489 ἐγένοντο
342 4417 409 4491 βοῶν
418 4415 469 4473 ὑπὸ
478 4414 556 4474 πίσθ’
565 4418 703 4501 ἐριμύκων·

97 4498 234 4576 Ἀχιλλῆος
243 4498 394 4576 μεγαθύμου
405 4500 522 4582 μώνυχες
532 4503 608 4564 ἵπποι

89 4611 100 4643 ν
110 4591 175 4663 ὁμοῦ
185 4584 276 4653 νέκυάς
285 4610 313 4646 τε
324 4588 369 4646 καὶ
378 4590 498 4658 ἀσπίδας·
511 4591 604 4669 αἵματι
615 4596 638 4653 δ’
650 4595 718 4665 ἄξων

95 4673 166 4738 άπας
174 4674 344 4747 πεπάλακτο,
354 4674 399 4734 καί
408 4676 515 4756 ἄντυγες
525 4683 552 4737 αἱ
560 4682 619 4763 περὶ
629 4683 727 4766 δίφρον,

91 4763 136 4842 ἀφ’
146 4761 258 4820 ἱππείων
269 4763 369 4822 ὁπλέων
381 4764 539 4846 ῥαθάμιγγες
549 4767 670 4845 ἔθαλλεν,

89 4853 117 4907 π’
127 4847 305 4932 ἐπισσώτρων·
316 4855 329 4909 6
340 4850 368 4910 δέ
377 4850 431 4911 ἵετο
441 4857 516 4922 κῦδος
529 4856 635 4939 ἀρέσθαι

89 4937 146 5010 δης,
155 4937 242 5019 λύθρῳ
251 4937 278 4996 δὲ
287 4937 438 4999 παλάσσετο
446 4951 536 5023 χεῖρας
546 4944 667 5014 ἀάπτους.

245 5110 430 5134 καθα-

1007 435 1181 500 Ilellls
1202 442 1271 504 xx.
1490 463 1541 512 au

770 558 790 607 si
799 559 860 611 iorte
869 561 955 626 aliquis
961 569 989 614 et
998 565 1056 616 mibi
1066 566 1164 618 deorum
1174 569 1269 631 adjutm
1278 576 1323 622 est

768 640 838 696 Nunc
847 662 903 699 vero
912 656 1002 701 ceteros
1010 666 1149 718 persequar,
1158 671 1326 720 quemcunque
1335 659 1520 724 deprehendero.

799 735 839 785 Sic
849 736 957 799 loeutus,
968 743 1086 804 Dryopem
1096 743 1158 793 leriit
1169 745 1325 797 adcervicem
1340 749 1445 801 mediam
1454 753 1549 818 jaculo,

769 822 930 887 ceciditquets
937 829 1021 878 ειαοιε
1028 828 1101 892 pedes
1107 847 1114 890 ;
1122 831 1258 894 ipsoautem
1269 835 1435 898 huncquidem
1441 840 1549 901 reliquit,

770 911 920 960 Demucbum
933 927 989 963 vero
1001 916 1173 979 i'ldleton'den,
1184 920 1315 985 sortemque
1325 937 1498 989 magnumque,

770 995 801 1043 ad
809 1010 872 1058 genu
885 999 953 1050 basta
962 1014 1103 1064 percussum
1113 1005 1215 1056 detinuit
1226 1024 1232 1056 ε
1243 1009 1299 1058 lmic
1312 1011 1409 1074 quidem
1418 1012 1518 1076 deinde,

770 1084 1250 1152 lerienseasemagnomxeuutaoimam.

770 1175 848 1233 Atque
854 1173 893 1223 ille
902 1178 1038 1238 lnogonum
1047 1184 1072 1228 et
1080 1180 1233 1242 Dardanum,
1243 1183 1304 1234 salios
1312 1186 1418 1250 Biantis,

769 1259 854 1308 ambos
863 1261 1141 1329 cum-impetu·adortus,
1151 1281 1165 1317 e
1174 1283 1244 1320 amru
1255 1272 1345 1334 depulit
1355 1274 1489 1337 interram,

770 1344 1372 1418 aitemmquidembastapercussum,allerumvem
1381 1364 1552 1415 cominuseuse

771 1432 1201 1499 tedens;]rroemeuama1astoriden
1212 1461 1218 1493 :
1229 1445 1269 1494 laic
1278 1448 1375 1510 quidem
1385 1449 1472 1500 obuius
1481 1466 1552 1503 reno·

770 1523 1110 1589 rat‚geuibus,]siquo·modo
1117 1531 1162 1580 sibi
1170 1537 1284 1594 parceret,
1292 1536 1552 1598 preireasis,etvivum

770 1606 899 1661 dimitteret
904 1612 920 1675 ,]
930 1626 1005 1663 neore
1012 1615 1153 1667 interficeret
1160 1655 1167 1678 ,
1175 1621 1396 1682 aequalemaetatem
1405 1625 1535 1677 miseratus
1546 1645 1552 1676 :

770 1695 883 1759 demens;
892 1713 969 1764 neque
978 1702 1024 1752 lroc
1033 1705 1136 1766 sciebat,
1146 1707 1211 1770 qrrod
1220 1722 1267 1757 non
1276 1723 1434 1773 persuasurus
1443 1719 1502 1764 erat.

770 1784 962 1850 Haudquaquam
971 1790 1034 1839 enim
1043 1791 1154 1842 Achilles
1163 1795 1307 1846 animo-miti
1313 1799 1351 1848 vir
1360 1804 1419 1861 erat,
1429 1814 1474 1852 nec
1481 1802 1552 1863 ienis,

770 1871 814 1920 sed
825 1873 893 1924 ra'de
902 1879 1011 1937 promtus
1022 1893 1028 1925 :
1040 1879 1080 1928 bic
1088 1880 1187 1942 quidem
1196 1889 1292 1945 ceperat
1301 1886 1412 1936 manibus
1421 1900 1512 1951 genua,

770 1960 869 2022 cupiens
877 1964 982 2025 precari,
994 1965 1034 2016 ille
1042 1979 1100 2016 vero
1109 1981 1166 2018 ense
1174 1972 1293 2031 percussit
1301 1972 1332 2020 ad
1339 1973 1421 2034 Jecur:

770 2047 792 2097 ei
801 2053 882 2099 autem
888 2049 956 2112 jecur
965 2053 1067 2114 excidit,
1075 2059 1101 2104 et
1109 2061 1160 2105 ater
1169 2058 1265 2120 sanguis
1274 2072 1304 2108 ex
1313 2059 1366 2123 ipso

771 2135 851 2185 sinum
860 2140 883 2187 ct
893 2137 1001 2201 implevit
1006 2176 1014 2202 ,
1024 2141 1119 2205 ipsique
1129 2145 1234 2195 tenebrae
1243 2146 1326 2197 oculos
1334 2153 1476 2213 contexere,

770 2224 849 2273 anima
858 2226 960 2288 privato.
971 2228 1103 2279 llleautem
1112 2233 1213 2282 lllulium
1223 2237 1343 2296 percussit
1349 2244 1513 2301 pmpeastans

771 2311 1399 2381 bastaadauremqmoaqueperauremiritaiteram

770 2399 852 2461 cuspis
860 2413 923 2450 aerea
933 2417 939 2450 :
949 2402 1036 2466 illoque
1044 2405 1159 2467 Agenoris
1168 2408 1243 2457 lilium
1253 2411 1384 2462 Echeclum

770 2485 877 2536 medium
885 2488 917 2538 ad
925 2497 997 2553 caput
1007 2506 1064 2543 ense
1073 2494 1137 2544 feriit
1145 2496 1508 2562 capulum-mapsambabeme:

770 2577 835 2624 totus
844 2581 925 2626 autem
933 2578 1032 2629 incaluit
1041 2582 1105 2631 ensis
1114 2584 1228 2645 sanguina
1238 2601 1244 2633 ε
1254 2586 1310 2637 huic
1319 2601 1377 2638 vero
1385 2591 1468 2641 oculos

770 2666 897 2727 occupavit
905 2680 1025 2729 purpurea
1033 2683 1098 2719 mors
1107 2675 1131 2720 et
1140 2671 1215 2721 latum
1226 2673 1366 2725 violentum.

770 2752 938 2803 Deucalionem
947 2759 1028 2807 autem
1036 2756 1137 2820 deinde,
1147 2759 1189 2808 ubi
1197 2766 1448 2816 connectunturaerri

770 2839 913 2900 cubiti,bac
922 2841 1237 2908 ulumuuampermanum
1245 2849 1366 2899 transfixit

770 2928 851 2990 cuspis
859 2942 922 2979 aerea
932 2930 996 2994 :ipse
1005 2945 1063 2982 vero
1072 2932 1140 2984 illum
1149 2935 1274 2999 manebat,
1284 2950 1356 2988 mauu
1364 2943 1491 3002 gravatus,

770 3029 819 3077 prm
827 3029 853 3065 ee
863 3017 947 3069 videas
955 3024 1072 3071 mortem:
1083 3021 1123 3073 ille
1132 3028 1213 3073 autem
1221 3024 1300 3086 gladio
1311 3027 1406 3076 cervice
1416 3041 1544 3091 percussa,

714 3146 718 3162 ,
769 3105 851 3166 procul
861 3107 977 3170 cumipse
985 3109 1129 3173 galeamput
1137 3113 1371 3175 excussit3medulla
1380 3127 1437 3165 vero

771 3193 887 3243 vertebris
895 3195 985 3244 exsiliit
991 3213 998 3257 ;
1009 3195 1060 3259 ipse
1069 3203 1150 3247 autem
1160 3199 1184 3248 in
1193 3203 1257 3249 terra
1263 3200 1339 3261 iacuit
1348 3207 1471 3253 extensus.

770 3284 801 3329 at
810 3280 849 3329 ille
860 3282 1027 3343 protectus-est
1034 3284 1068 3333 ire
1076 3285 1101 3333 in
1111 3286 1226 3335 eximium
1236 3288 1297 3337 Pirei
1306 3289 1398 3350 lilium,

770 3368 912 3429 mammam,
923 3369 964 3435 qui
974 3371 1098 3420 eTbraein
1107 3373 1204 3433 glebosa
1212 3381 1310 3424 venerat
1321 3390 1328 3422 ι

770 3455 835 3504 bunc
843 3456 960 3518 permissit
969 3457 1075 3507 medium
1085 3459 1146 3520 telo,
1156 3459 1325 3524 fixumqueest
1335 3463 1359 3511 in
1369 3463 1481 3526 pulmone
1490 3477 1539 3524 αις

770 3542 858 3592 decidit
866 3549 947 3593 autern
957 3558 971 3594 e
981 3557 1060 3595 curru
1071 3547 1113 3596 ille
1122 3554 1203 3597 autem
1212 3550 1351 3598 Areitboum
1362 3551 1492 3613 lamulmn,

770 3636 833 3679 retro
841 3644 916 3693 equos
925 3637 1116 3694 conuertentem,
1128 3635 1257 3684 indorsum
1266 3643 1337 3685 acaria
1347 3639 1416 3687 basta

770 3717 833 3766 feriit
839 3753 847 3778 ,
856 3730 976 3780 curruque
985 3719 1137 3769 deturbavit:
1148 3723 1303 3772 turbati-sunt
1310 3729 1390 3774 autern
1400 3725 1453 3787 eius
1460 3728 1523 3790 equi.

801 3808 833 3854 Ut
842 3817 899 3854 uero
908 3805 1121 3870 fertur-iurensper
1132 3809 1261 3870 profundas
1271 3813 1391 3862 convalles
1405 3814 1551 3863 immane-nr·

770 3892 830 3942 deus
839 3892 910 3964 ignis]
920 3895 1009 3944 montis
1019 3895 1078 3944 aridi
1086 3912 1093 3956 ;
1101 3897 1218 3959 pmiunda
1227 3904 1308 3949 autem
1318 3907 1438 3950 crematur
1447 3902 1522 3963 silvo,

771 3985 795 4030 et
804 3995 983 4044 quaquaversus
993 3983 1083 4045 agilaus
1093 3989 1180 4034 ventus
1190 3987 1309 4036 llammam
1319 3995 1459 4052 contorquet
1470 4005 1476 4037 ε

771 4069 806 4118 sic
811 4069 850 4119 ille
854 4083 1032 4133 quaquaversus
1037 4072 1244 4124 lurensierebatur
1248 4089 1303 4125 cum
1308 4077 1385 4137 basta,
1393 4076 1497 4127 daemom
1501 4092 1551 4141 par,

770 4157 914 4208 occidendos
923 4159 1065 4222 insequens;
1075 4162 1163 4211 fluebat
1172 4169 1253 4213 autem
1261 4165 1374 4225 sanguiue
1384 4169 1447 4214 terra
1456 4166 1531 4227 nigra.

772 4248 804 4294 Ut
813 4259 870 4295 vero
879 4260 955 4309 quum
965 4248 1020 4311 quis
1027 4248 1134 4309 junxerit
1145 4250 1222 4300 boves
1231 4263 1309 4300 naeres
1319 4252 1516 4314 latis-trontibus,

771 4333 920 4383 ut·tritureut
928 4335 1045 4384 hordeum
1054 4337 1136 4386 album
1145 4337 1309 4388 beneoondita
1318 4339 1342 4387 iu
1351 4352 1420 4399 aree,

770 4422 865 4483 citoque
871 4422 1144 4474 comminuunturboum
1151 4426 1302 4489 subpedibus
1310 4426 1557 4489 vaide-mugientium:

770 4509 805 4558 sic
813 4509 844 4559 ab
852 4509 943 4560 Aoidlle
952 4513 1004 4560 acti
1014 4513 1164 4574 magnmimo
1174 4513 1358 4574 aolidisunguiis
1367 4515 1422 4578 equi

770 4597 893 4647 calcabant
898 4597 969 4647 siruul
976 4599 1139 4664 cadaveraque
1146 4605 1170 4655 et
1176 4600 1272 4664 clypeos
1279 4617 1284 4649 :
1291 4603 1405 4664 sanguine
1412 4608 1492 4654 autem
1499 4606 1552 4654 auis

771 4685 856 4735 subtus
863 4690 928 4734 totus
936 4686 1108 4748 laedatuserat,
1116 4691 1140 4736 ot
1149 4688 1253 4737 ambitus
1260 4688 1302 4752 qui
1310 4691 1456 4740 mantcirca
1463 4692 1552 4742 sellam

770 4771 879 4835 curms,]
887 4784 948 4835 quos
957 4774 988 4823 ab
998 4775 1091 4836 equinis
1100 4775 1195 4839 ungulis
1204 4780 1278 4837 guttae
1288 4777 1459 4840 aspergebant,

770 4864 842 4922 atque
851 4874 865 4909 a
873 4861 982 4909 caulliis:
992 4861 1032 4914 ille
1040 4874 1097 4911 vero
1106 4862 1217 4925 cupiebat
1226 4863 1323 4926 gloriam
1333 4865 1434 4927 reterre,

771 4946 876 5009 Pelides,
885 4948 1136 5011 emeatoquepulrere
1145 4949 1279 5001 faedabatur
1287 4953 1400 5003 manibus
1410 4953 1514 5004 invictis.

1069 5115 1255 5140 και-
