3570 5932
210 411 386 474 ΙΛΙΛΔΟΣ
410 415 447 474 11.

89 543 100 613 ¹,
111 540 160 618 ἀγε
170 547 225 616 νῦν,
237 542 294 624 φίλε
306 544 406 617 Φοῖύε,
421 545 571 629 κελαινεφὲς
583 538 650 627 αἷμα
660 548 712 608 κά-

981 423 1153 486 1L1Ab1s
1173 426 1260 488 xvi.
1486 443 1536 496 195

785 552 1250 618 bia,ngeuunc,dilectel‘hoebe,atro
1259 560 1469 624 sanguinepurga,

89 652 104 686 κ
117 627 215 706 βελέων
224 629 393 711 Σαρπηδόνα,
404 631 450 690 καί
459 656 504 709 μιν
516 633 606 694 ἔπειτα
623 636 712 718 [θηρον
754 639 885 702 profectus,
893 653 907 689 e
915 640 1017 691 telorum
1022 644 1538 714 acervosublctumsarpedonem,etipsum

92 715 197 797 ἀποπρὸ
208 716 301 799 φέρων,
312 721 406 776 λοῦσον
416 730 546 797 ποταμοῖο
554 725 652 803 ῥοῇσιν,

89 803 105 860 ι’
118 803 260 884 ἀμόροσίῃ,
271 804 332 886 περί
342 806 364 863 δ’
376 804 691 887 ἄμόρσταείματαέσσον·

89 888 110 948 δέ
121 913 166 968 μιν
176 901 305 968 πομποῖσι
316 892 373 970 ἅμα
385 903 534 975 κραιπνοῖσι
545 895 578 978 φέ
608 904 683 973 σθαι,

89 978 130 1036 ιαί
141 979 257 1060 Θανάτῳ
265 979 427 1057 διδυμάοσιν,
437 980 464 1040 οἵ
474 981 506 1063 ῥά
519 1007 563 1060 μιν
572 1007 631 1044 ωκα

97 1068 124 1124 ἐν
135 1066 236 1139 Λυκίης
245 1067 345 1148 εὐρείης
353 1067 424 1126 πίονι
435 1068 524 1151 δήμῳ.

94 1152 254 1234 ταρχύσουσι
263 1153 416 1232 κασίγνητοί
424 1179 453 1214 τε
463 1154 519 1215 έται
528 1180 557 1216 τε

89 1265 107 1299 ε
117 1240 201 1322 στήλῃ
210 1265 248 1302 τε·
257 1241 288 1302 τύ
296 1239 348 1324 γάρ
356 1241 434 1325 γέρας
444 1243 500 1304 ἐστὶ
510 1245 648 1306 θανόντων.

89 1328 163 1407 ἔφατ’·
173 1330 226 1389 οὐδ’
236 1329 288 1411 ἄρα
297 1330 396 1412 πατρὸς
405 1331 600 1407 ἀνηκούστησεν
615 1333 708 1394 ’Λπόλ-

89 1416 127 1474 ατ’
138 1416 240 1476 Ἰδαίων
250 1417 330 1500 ἀρέων
340 1421 365 1485 ές
374 1416 484 1499 φίλοισιν
494 1420 579 1492 αἰνήν·
634 1424 706 1502 [λων.

89 1505 102 1560 i'
112 1508 141 1563 ἐκ
155 1503 250 1583 βελέων
262 1504 424 1586 Σαρπηδόνα
434 1508 487 1566 διον
496 1507 599 1589 ἀείρας,

89 1592 185 1674 ῖποπρδ
194 1591 287 1674 φέρων,
296 1596 388 1652 λοῦσεν
396 1604 527 1672 ποταμοῖο
537 1600 635 1678 ῥοῇσιν,

89 1680 323 1762 ’ἀμόροσίη,περλ
333 1681 355 1739 δ’
365 1680 487 1762 ἀμόρατα
496 1682 594 1759 είματα
608 1683 692 1743 ἔσσαν·

89 1767 101 1825 έ
110 1791 155 1844 μιν
164 1777 308 1844 πομποῖσιν
318 1768 374 1846 ἀρα
383 1779 532 1849 κραιπνοῖσι
549 1770 685 1879 φέρεσθαι,

89 1855 124 1912 ’.αλ
132 1855 250 1936 Θανάτῳ
260 1855 423 1932 διδυμάοσιν,
432 1856 458 1915 οί
467 1856 500 1938 ῥά
508 1881 552 1934 μιν
567 1882 625 1917 ωκα

89 1966 104 1999 ν
118 1945 145 2000 ἔν
155 1942 253 2014 Λυκίης
263 1943 363 2024 εὐρείης
370 1941 441 2001 πίονι
451 1942 537 2025 δάμῳ.

89 2032 166 2096 οκλος
175 2030 197 2087 δ’
205 2028 310 2088 ἵπποισι
318 2029 364 2088 καί
376 2030 551 2108 Αὐτομέδοντι
565 2031 705 2108 κελεύσας,

89 2117 123 2174 :ul
132 2116 245 2182 Λυκίους
254 2116 407 2193 μετεκίαθε,
417 2117 462 2175 καί
472 2117 530 2197 μέγ’
540 2119 635 2192 ἀάσθη·

89 2207 103 2261 i
111 2201 140 2263 δέ
148 2203 208 2271 ἔπος
218 2204 377 2276 Πηληϊάδαο
386 2202 508 2285 φύλαξεν,

89 2291 202 2372 πέκφυγε
211 2295 290 2372 Κῆρα
300 2288 385 2361 κακὴν
396 2291 506 2368 μέλανος
515 2294 645 2354 θανάτοιο.

92 2379 139 2437 ίτε
147 2378 209 2445 Διὸς
218 2377 346 2459 κρείσσων
355 2377 411 2445 νόος
420 2378 502 2460 ἠέπερ
511 2382 622 2462 ἀνδρῶν·

89 2493 93 2524 ι
103 2466 215 2543 ἀλκιμον
225 2465 307 2546 ἀνδρα
319 2465 408 2546 φοόεῖ,
418 2466 463 2525 καί
473 2468 594 2548 ἀφείλετο
608 2468 683 2542 νίκην

98 2553 141 2612 ὅτε
151 2555 174 2612 δ’
187 2553 263 2620 αὐτὸς
273 2551 429 2635 ἐποτρύνῃσι
439 2554 592 2635 μάχεσθαι’]

91 2642 151 2701 τότε
161 2641 241 2718 θυμὸν
252 2641 289 2699 tvl
299 2641 436 2713 στήθεσσιν
447 2646 551 2715 ἀνῆκεν.

89 2730 160 2789 ’,τίνα
167 2734 281 2811 πρῶτον,
291 2729 349 2787 τίνα
360 2730 382 2788 δ’
392 2729 503 2790 ὐστατον
514 2731 672 2814 ἐξενάριξας,

89 2841 142 2889 εις,
154 2816 197 2875 &s
207 2815 240 2887 δή
252 2840 281 2875 σε
291 2817 343 2875 θεοί
353 2817 493 2878 θάνατόνδε
502 2818 648 2893 κάλεσσαν;

89 2929 148 2964 υτον
158 2903 205 2982 μέν
215 2909 308 2984 πρώτα
317 2905 362 2963 καί
372 2905 500 2966 Λύτόνοον
509 2908 555 2967 καλ
560 2906 702 2988 Ἔχεκλον,

91 3017 140 3071 μον
150 2992 276 3070 Μεγάδην
290 2993 336 3051 καί
351 2993 497 3076 Ἐπίστορα
507 2996 553 3055 καλ
564 2997 702 3057 Μελάνιπ-

89 3080 127 3138 ειτ’
133 3077 251 3140 Ἔλασον
256 3081 301 3138 καί
307 3079 421 3139 Μούλιον
426 3081 699 3167 ἠδὲΠυλάρτ-ην·[πον,

89 3193 101 3219 ι’
111 3172 136 3227 ol
146 3168 169 3226 δ’
179 3168 253 3227 ἄλλοι
264 3166 362 3249 φύγαδε
373 3168 490 3246 μνώοντο
503 3169 620 3240 ἕκαστος.

99 3281 145 3315 κεν
154 3256 283 3337 θφίπυλον
292 3256 391 3338 Τροίην
402 3256 462 3316 ἔλον
472 3250 525 3326 οἶες
539 3259 661 3338 Ἀχαιῶν,

89 3368 124 3404 ου
134 3342 185 3403 bri
194 3343 278 3426 χερσί·
288 3345 349 3425 περί
358 3344 410 3426 πρὸ
419 3345 470 3427 γὰρ
481 3345 554 3425 ἔγχεϊ
563 3353 630 3407 θῦεν·

89 3432 179 3492 όλλων
188 3432 287 3499 dorice
297 3433 426 3509 ἐϋδμήτου
437 3433 480 3492 ἐπί
491 3433 591 3516 πύργου

98 3519 162 3580 θλοά
172 3520 294 3603 φρονέων,
304 3520 428 3602 Τρώεσσι
438 3521 459 3579 δ’
470 3522 584 3604 ἀρήγων.

95 3609 137 3667 ἐπ’
147 3612 264 3688 ἀγκῶνος
274 3608 416 3688 βῆτείχεος
427 3611 536 3689 ὑψηλοῖο

89 3720 132 3769 ος,
145 3697 231 3779 τρλςδ
244 3695 322 3755 αὐσδν
337 3696 540 3776 ἀπεστυφέλιξεν
555 3697 698 3773 Ἀπόλλων,

89 3787 230 3864 ἀθανάτῃσι
240 3783 347 3865 φαεινὴν
358 3784 458 3843 ἀσπίδα
470 3783 580 3844 νύσσων.

98 3870 130 3942 δὴ
138 3871 168 3930 τδ
177 3871 301 3953 τέταρτον
313 3870 454 3944 ἐπέσσυτο,
464 3871 569 3949 δαίμονι
574 3864 647 3947 ἶσος,

89 3958 228 4037 ιμακλήαας
238 3958 303 4017 ἔπεα
312 3957 454 4039 πτερόεντα
463 3958 606 4041 προςηύδα·

93 4093 100 4119 ,
110 4045 229 4125 Διογενὲς
239 4046 411 4128 Πατρόκλεις·
421 4046 450 4106 οὐ
460 4046 490 4105 νύ
499 4071 540 4106 τοι
550 4040 628 4122 αἶσα,

89 4133 142 4216 cupi
151 4133 228 4194 πόλιν
237 4133 332 4217 πέρθαι
341 4134 442 4217 Τρώων
452 4135 604 4218 ἀγερώχων,

89 4224 218 4301 Λχιλλῆος
227 4268 235 4294 ,
245 4221 322 4304 όςπερ
333 4222 377 4281 σέο
386 4223 483 4282 πολλὸν
493 4223 615 4301 ἀμείνων.

89 4309 132 4368 rto·
139 4310 292 4391 Πάτροκλος
302 4311 324 4369 δ’
332 4311 474 4390 ἀνεχάζετο
478 4310 576 4370 πολλδν
582 4309 694 4384 ὀπίσσω,

89 4396 206 4475 ιυάμενος
217 4398 379 4470 έκατηόόλου
389 4397 558 4465 Ἀπολλωνος.

89 4509 107 4567 ιρ
117 4485 139 4543 δ
151 4488 178 4544 ἐν
187 4488 303 4564 Σκαιῇσι
311 4483 396 4565 πύλῃς
407 4484 451 4564 ἔχε
460 4483 692 4564 μώνυχαςίππους·

96 4571 129 4645 ἠδ
138 4572 264 4651 μάχοιτο,
274 4572 343 4632 κατδ
352 4571 443 4632 κλόνον
459 4564 531 4641 αὐτις
544 4572 673 4648 ἐλάσσας,

89 4668 195 4739 ςτεῖχος
206 4660 377 4737 ὁμοκλήσειεν
387 4663 492 4732 ἀλῆναι.

89 4750 136 4806 κοί
146 4746 278 4828 φρονέοντι
287 4747 434 4829 παρίστατο
438 4748 539 4816 doctor
544 4747 691 4822 Ἀπόλλων,

89 4832 175 4911 ίμενος
184 4836 267 4916 αἰζηῷ
275 4859 304 4893 τε
314 4839 432 4917 κρατερῷ
441 4860 483 4909 τε,

99 4921 205 5002 μήτρως
215 4914 247 4994 ἦν
255 4920 384 5004 Ἕκτορος
398 4923 572 5001 ἱπποδάμοιο,

89 5031 179 5087 γνητος
188 5008 320 5082 Ἕκάόης,
330 5010 383 5077 υίδς
392 5008 420 5069 δέ
430 5008 579 5088 Δύμαντος,

89 5095 213 5177 ηναίεσκε
225 5102 285 5179 ῥοῇς
296 5097 339 5156 ίπι
350 5098 519 5180 Σαγγαρίοιο·

89 5183 208 5263 ισάμενος
216 5185 330 5274 προςέφη
341 5187 402 5256 Διὸς
411 5186 465 5255 υίδς
475 5186 616 5248 Ἀπόλλων·

753 725 840 776 δεῖσθε
845 726 862 790 ,]
872 728 956 790 procul
964 728 1030 779 illinc
1038 728 1161 792 auferens,
1171 731 1226 781 lava
1234 732 1338 784 fluminIs
1346 734 1456 801 fluentis,

753 828 862 877 ungeunto
871 816 1003 879 ambrosii,
1013 823 1038 869 et
1047 819 1221 872 immortalibus
1231 824 1339 875 vestibus
1348 825 1454 891 indum

753 899 831 951 deduc
839 907 920 953 antem
929 918 985 955 eum
993 919 1049 956 cum
1058 907 1227 959 deductoribus
1237 912 1361 963 velocibus
1369 915 1515 980 uiri-ferant,

752 991 841 1040 Somno
849 995 874 1041 et
882 992 953 1042 Morti
962 995 1082 1056 gemellis,
1091 996 1133 1058 qui
1141 996 1240 1059 quidem
1248 1012 1304 1049 eum
1312 1001 1421 1052 celeriter

752 1082 841 1140 ponent
849 1077 960 1142 inbyciae
969 1079 1025 1130 istm
1034 1081 1148 1145 opulento
1157 1085 1255 1147 populo.

751 1162 818 1213 lbisi
828 1166 1052 1228 erseqnlnefncient
1061 1169 1193 1232 fratresque
1203 1172 1391 1238 familiaresque,

751 1251 892 1314 tumuloque
900 1253 1017 1316 cippcque
1027 1270 1033 1304 :
1044 1255 1082 1304 hic
1092 1257 1155 1306 enim
1165 1257 1241 1308 bonor
1249 1263 1287 1309 est
1295 1267 1453 1314 mortucmm.

781 1339 820 1388 Sic
827 1339 903 1404 dlxit3
911 1354 957 1391 nec
964 1343 1026 1405 patri
1035 1343 1321 1397 non-fuitdicto·eudiens
1331 1350 1428 1412 Apollo.

750 1427 879 1478 Descendit
888 1433 970 1480 sutem
978 1429 1008 1479 ab
1018 1430 1091 1481 ldaeis
1101 1432 1223 1481 montibus
1231 1433 1261 1482 nd
1271 1447 1374 1496 pugnam
1384 1450 1481 1499 mrem
1492 1455 1498 1488 ε

749 1513 1116 1577 etstimqueetelisccncercatis
1124 1520 1285 1583 Sarpedonem
1291 1521 1536 1588 divinumsublstum,

748 1602 830 1663 procul
839 1602 895 1652 inde
903 1603 1025 1666 aderens,
1034 1605 1093 1655 lavit
1101 1606 1206 1657 tlnrninis
1215 1608 1325 1670 fluentis,

750 1688 868 1752 unxitque
878 1691 1013 1754 anrbrosia,
1022 1696 1046 1742 et
1055 1693 1230 1744 immortalibus
1239 1696 1348 1747 vestibus
1356 1697 1448 1761 induit;

750 1774 900 1840 deduxitque
909 1783 991 1828 autern
1000 1793 1056 1829 cum
1070 1781 1242 1832 deductoribus
1251 1783 1374 1835 velocibus
1383 1786 1535 1849 qui-ferrent,

748 1865 838 1913 Somm
846 1869 872 1914 et
880 1867 952 1915 Morti
961 1867 1083 1929 gemellis,
1092 1869 1134 1931 qui
1143 1869 1241 1932 uiridem
1249 1884 1305 1921 eum
1314 1873 1422 1925 celeriter

748 1948 912 2013 deposuerunt
920 1952 946 2004 in
956 1955 1036 2018 Lycia
1046 1956 1102 2006 tntu
1111 1957 1227 2020 οριιῖοαεο
1234 1959 1333 2022 populo.

777 2039 903 2100 Patroclus
912 2047 993 2091 autem
1004 2055 1080 2105 equos
1088 2047 1114 2093 et
1123 2044 1324 2096 Automedontem
1334 2046 1489 2108 exhortatus,

747 2125 861 2188 Troianos
867 2132 892 2178 et
898 2129 984 2190 Lycios
990 2129 1204 2192 insequebatur,et
1211 2145 1323 2194 maguum
1330 2135 1534 2198 accepit-malurn:

746 2212 846 2264 dennns
857 2228 863 2262 :
874 2215 895 2264 si
905 2219 985 2266 tamen
994 2216 1136 2266 mandatum
1145 2218 1234 2268 Pelidis
1243 2219 1412 2283 observasset,

742 2304 810 2350 cene
819 2301 943 2364 effugisset
952 2303 1028 2353 iatam
1037 2304 1134 2355 exitiale
1143 2311 1202 2355 aba
1210 2308 1305 2356 mortis.

747 2388 795 2438 scd
805 2401 900 2452 semper
907 2391 977 2440 lovis
986 2391 1090 2441 validius
1099 2393 1240 2454 consilium,
1250 2407 1325 2456 quam
1333 2394 1474 2458 hominurn3

746 2475 797 2538 [qui
806 2481 831 2527 et
839 2477 926 2527 [σηοω
935 2478 1014 2527 virum
1023 2478 1237 2542 minuam-vertit,
1247 2486 1272 2530 et
1282 2481 1359 2532 aufert
1369 2484 1495 2534 victorium

745 2561 828 2625 facile,
836 2576 913 2626 quum
922 2564 961 2616 vel
970 2565 1022 2628 ipsc
1030 2566 1170 2617 excitaverit
1180 2568 1211 2616 ad
1220 2569 1375 2631 pugiundnm
1385 2570 1402 2635 ε]

744 2649 786 2712 qui
795 2651 849 2702 siet
857 2656 915 2701 tunc
924 2652 1030 2702 animum
1039 2653 1064 2702 iu
1073 2655 1210 2716 pectoribus
1218 2655 1392 2706 exstimulavit

775 2740 837 2787 Tum
846 2751 918 2802 quern
924 2739 1043 2802 nmmum,
1052 2754 1125 2804 quern
1134 2755 1192 2792 vero
1200 2746 1348 2804 postremum
1358 2744 1510 2807 interfecisti,

745 2825 868 2886 Patrocle,
877 2827 973 2888 quando
981 2826 1031 2888 iam
1040 2832 1065 2878 te
1074 2829 1109 2878 dii
1118 2829 1260 2879 ari-mortem
1271 2836 1402 2882 vocarunt?

775 2913 903 2963 Adrestum
912 2914 1009 2976 quidem
1019 2916 1137 2979 primum,
1146 2920 1171 2966 et
1179 2921 1331 2979 Antonoum,
1342 2923 1367 2967 et
1376 2919 1518 2980 Echeclum,

743 3004 768 3050 et
777 3000 897 3051 Perimum
906 3002 1034 3064 Megalen,
1044 3008 1069 3053 et
1077 3005 1227 3067 Epistorem,
1237 3009 1261 3054 et
1270 3006 1448 3069 Melanippum

743 3100 772 3137 ac
780 3088 866 3139 deinde
875 3090 988 3151 illesum,
998 3095 1022 3141 et
1031 3092 1145 3155 liulfum,
1154 3097 1226 3155 etque
1235 3093 1363 3156 Pylmten:

743 3176 922 3227 bosintcrfecit:
932 3177 1172 3241 scdoetcriinfugem
1177 3180 1456 3231 eundimemoresfuere
1468 3183 1533 3245 quis·

742 3264 806 3328 que]
837 3267 900 3315 Turn
909 3265 1046 3328 altienortis
1057 3268 1152 3328 Troiam
1164 3268 1285 3331 cepissent
1295 3267 1339 3318 tilii
1349 3269 1510 3331 Achivorum,

742 3353 843 3402 Patrocli
848 3353 894 3402 sub
899 3354 1018 3414 menibus,
1025 3355 1086 3418 (prce
1092 3354 1156 3405 otiis
1162 3356 1227 3404 enim
1232 3354 1334 3406 adversa
1342 3357 1411 3406 basta
1416 3357 1533 3421 furebat),

742 3439 788 3488 nisi
798 3441 882 3503 Apollo
892 3440 998 3491 Pboebus
1006 3441 1167 3492 benestmcta
1176 3455 1249 3505 super
1258 3443 1317 3492 turri

741 3527 862 3588 sciisset,
871 3529 906 3578 illi
916 3529 1021 3579 exitialia
1028 3530 1151 3592 rogitans,
1160 3530 1316 3593 Troianisque
1327 3531 1454 3582 susibus.

741 3617 788 3664 Ter
797 3615 895 3678 quidem
904 3616 929 3665 in
938 3617 1047 3667 orriritum
1057 3617 1188 3666 scandebat
1196 3617 1260 3666 muri
1268 3617 1358 3667 excelsi

741 3704 873 3764 Patroclus,
878 3707 1002 3754 terentem
1007 3705 1531 3770 ipsumnspereaxcepiumdeturbavitApol

740 3789 907 3863 lo,]xrnanibns
916 3791 1091 3841 immortalibus
1102 3791 1232 3853 fulgentem
1240 3791 1352 3855 clypeum
1361 3791 1458 3844 feriens.

739 3878 801 3940 sed,
810 3878 1057 3942 qnandojamquarto
1067 3879 1186 3939 irruebat,
1195 3878 1306 3942 daopar,

739 3966 862 4016 minaciter
870 3966 1014 4030 increpitans
1019 3966 1105 4017 ¹verbis
1114 3965 1183 4016 datis
1191 3979 1248 4016 eum
1257 3967 1424 4017 allocutus-est
1433 3981 1441 4017 z

770 4054 877 4114 Recede,
887 4053 1036 4104 nobilissime
1045 4053 1166 4104 Patrocle!
1176 4054 1326 4116 nequeenim
1337 4054 1414 4103 fatum

738 4147 780 4191 tua
789 4142 835 4192 sub
844 4142 916 4192 lrastn
923 4142 1009 4192 urbem
1023 4141 1185 4192 victutum-iri
1198 4141 1355 4203 Troianorum
1366 4141 1528 4204 magrranirnc·

736 4244 790 4279 rum
797 4229 814 4294 ,]
824 4243 868 4280 nec
876 4230 923 4280 sub
932 4230 1036 4291 Achille,
1045 4230 1177 4294 quitamen
1186 4233 1211 4279 te
1220 4229 1297 4279 multo
1305 4228 1387 4279 fortior
1395 4232 1442 4280 est.

768 4319 807 4369 Sic
816 4318 878 4368 dixit
889 4333 895 4366 :
906 4320 1031 4369 Patroclus
1040 4323 1122 4368 nutem
1131 4319 1230 4368 recessit
1239 4317 1307 4379 longe
1315 4321 1394 4377 teuc,

737 4408 798 4458 iram
807 4407 918 4459 devitans
927 4406 1129 4469 longojaculrntis
1138 4405 1263 4469 Apollinis.

766 4498 854 4546 flector
863 4507 921 4545 vero
930 4495 955 4544 in
962 4494 1037 4545 semis
1046 4494 1121 4557 nortis
1128 4493 1225 4544 tenebnt
1234 4490 1424 4554 solidinnngollr
1434 4503 1509 4555 equos
1520 4510 1526 4543 :

734 4582 868 4645 embigcbrt
876 4583 955 4644 enim,
964 4586 1047 4632 utrum
1055 4581 1202 4645 pugnaretis
1211 4579 1307 4629 turbam
1313 4578 1401 4629 iterum
1409 4593 1496 4643 agens,

734 4685 765 4720 an
774 4670 849 4734 copiis
858 4669 889 4720 sd
898 4683 996 4720 murum
1004 4669 1243 4730 clamorcimperaret
1251 4667 1398 4729 congrewi.

736 4762 796 4810 ifaec
804 4758 901 4822 quidem
910 4759 932 4809 ei
941 4757 1055 4821 cogitanti
1063 4756 1141 4806 nstitit
1149 4755 1257 4806 Pboebus
1265 4754 1366 4818 Apollo,

734 4847 787 4897 viro
795 4843 1214 4910 quamseaseimulassetJuvenique
1223 4843 1340 4905 fortique,

733 4936 804 4997 Asio,
814 4935 856 4998 qui
864 4935 999 4984 aremulus
1007 4937 1059 4983 eret
1068 4931 1178 4983 Hectoris
1186 4930 1428 4994 mumdomitoris,

734 5025 943 5086 buter-germanus
952 5019 1073 5080 Hecuba,
1083 5018 1196 5082 illiusque
1204 5017 1345 5082 Βνιιιεαιῖν,

734 5113 777 5176 qui
786 5110 915 5175 phrygiam
923 5108 1046 5159 habitabat
1054 5106 1184 5158 fluentaad
1193 5106 1316 5170 εααηυιίἰε

733 5201 790 5252 buic
798 5197 1098 5260 universalissimum
1106 5194 1271 5249 allocutusest
1279 5193 1348 5247 lovis
1354 5191 1418 5244 bllru
1424 5190 1507 5255 Apollo
1515 5205 1527 5247 ι,

1398 5283 1429 5322 ιε.
