<?xml version="1.0" encoding="UTF-8"?>
<!DOCTYPE html PUBLIC "-//W3C//DTD XHTML 1.0 Transitional//EN"
    "http://www.w3.org/TR/xhtml1/DTD/xhtml1-transitional.dtd">
<html xmlns="http://www.w3.org/1999/xhtml" xml:lang="en" lang="en">
 <head>
  <title>
</title>
<meta http-equiv="Content-Type" content="text/html;charset=utf-8" />
  <meta name='ocr-system' content='tesseract 3.04.00' />
  <meta name='ocr-capabilities' content='ocr_page ocr_carea ocr_par ocr_line ocrx_word'/>
</head>
<body>
  <div class='ocr_page' id='page_1' title='image "./lta-11000/carminaetcyliep00baumgoog/carminaetcyliep00baumgoog_0484.png"; bbox 0 0 3570 5932; ppageno 0'>
   <div class='ocr_carea' id='block_1_1' title="bbox 245 393 554 456">
    <p class='ocr_par' dir='ltr' id='par_1_1' title="bbox 245 393 554 456">
     <span class='ocr_line' id='line_1_1' title="bbox 245 393 554 456; baseline 0 -2"><span class='ocrx_word' id='word_1_1' title='bbox 245 393 495 456; x_wconf 75' lang='grc' dir='ltr'><strong>ΟΔΥΣΣΕΙΑΣ</strong></span> <span class='ocrx_word' id='word_1_2' title='bbox 519 397 554 456; x_wconf 89' lang='lat' dir='ltr'><strong>ll.</strong></span> 
     </span>
    </p>
   </div>
   <div class='ocr_carea' id='block_1_2' title="bbox 10 532 789 5255">
    <p class='ocr_par' dir='ltr' id='par_1_2' title="bbox 59 532 651 619">
     <span class='ocr_line' id='line_1_2' title="bbox 59 532 651 619; baseline 0 -25"><span class='ocrx_word' id='word_1_3' title='bbox 59 534 111 594; x_wconf 84' lang='grc' dir='ltr'><strong>Τὼ</strong></span> <span class='ocrx_word' id='word_1_4' title='bbox 121 533 149 593; x_wconf 79' lang='grc' dir='ltr'>δέ</span> <span class='ocrx_word' id='word_1_5' title='bbox 159 532 321 605; x_wconf 83' lang='grc' dir='ltr'>συναντήτην</span> <span class='ocrx_word' id='word_1_6' title='bbox 332 533 413 615; x_wconf 79' lang='grc' dir='ltr'>κ’ἠρυξ</span> <span class='ocrx_word' id='word_1_7' title='bbox 422 534 468 593; x_wconf 80' lang='grc' dir='ltr'><strong>καί</strong></span> <span class='ocrx_word' id='word_1_8' title='bbox 478 537 531 602; x_wconf 88' lang='grc' dir='ltr'>δῖος</span> <span class='ocrx_word' id='word_1_9' title='bbox 539 533 651 619; x_wconf 78' lang='grc' dir='ltr'>ὑφορὺδς</span> 
     </span>
    </p>

    <p class='ocr_par' dir='ltr' id='par_1_3' title="bbox 10 621 675 792">
     <span class='ocr_line' id='line_1_3' title="bbox 58 621 649 704; baseline 0.008 -25"><span class='ocrx_word' id='word_1_10' title='bbox 58 627 108 694; x_wconf 75' lang='grc' dir='ltr'><strong>τῆς</strong></span> <span class='ocrx_word' id='word_1_11' title='bbox 118 626 198 693; x_wconf 77' lang='grc' dir='ltr'>αὐτῆς</span> <span class='ocrx_word' id='word_1_12' title='bbox 208 621 273 680; x_wconf 78' lang='grc' dir='ltr'>ἕνεκ’</span> <span class='ocrx_word' id='word_1_13' title='bbox 282 622 419 699; x_wconf 74' lang='grc' dir='ltr'>ἀγγελίης,</span> <span class='ocrx_word' id='word_1_14' title='bbox 427 622 527 704; x_wconf 83' lang='grc' dir='ltr'>ἐρέοντε</span> <span class='ocrx_word' id='word_1_15' title='bbox 535 625 649 701; x_wconf 90' lang='grc' dir='ltr'>γυναικί·</span> 
     </span>
     <span class='ocr_line' id='line_1_4' title="bbox 10 709 675 792; baseline 0.002 -22"><span class='ocrx_word' id='word_1_16' title='bbox 10 731 44 769; x_wconf 72' lang='lat' dir='ltr'><strong>tte</strong></span> <span class='ocrx_word' id='word_1_17' title='bbox 60 711 133 770; x_wconf 82' lang='grc' dir='ltr'>Ἀλλ’</span> <span class='ocrx_word' id='word_1_18' title='bbox 143 709 187 770; x_wconf 87' lang='grc' dir='ltr'><strong>ότι</strong></span> <span class='ocrx_word' id='word_1_19' title='bbox 197 711 228 781; x_wconf 83' lang='grc' dir='ltr'>δή</span> <span class='ocrx_word' id='word_1_20' title='bbox 240 710 261 792; x_wconf 80' lang='grc' dir='ltr'><strong>ρ’</strong></span> <span class='ocrx_word' id='word_1_21' title='bbox 271 709 359 768; x_wconf 78' lang='grc' dir='ltr'>ἵκοντο</span> <span class='ocrx_word' id='word_1_22' title='bbox 368 709 447 788; x_wconf 86' lang='grc' dir='ltr'>δόμον</span> <span class='ocrx_word' id='word_1_23' title='bbox 457 711 525 770; x_wconf 80' lang='grc' dir='ltr'>θείου</span> <span class='ocrx_word' id='word_1_24' title='bbox 536 716 675 792; x_wconf 83' lang='grc' dir='ltr'>βασιλῆος,</span> 
     </span>
    </p>

    <p class='ocr_par' dir='ltr' id='par_1_4' title="bbox 60 797 657 882">
     <span class='ocr_line' id='line_1_5' title="bbox 60 797 657 882; baseline 0.002 -24"><span class='ocrx_word' id='word_1_25' title='bbox 60 799 142 882; x_wconf 78' lang='grc' dir='ltr'>κῆρυξ</span> <span class='ocrx_word' id='word_1_26' title='bbox 153 798 200 877; x_wconf 84' lang='grc' dir='ltr'><strong>μέν</strong></span> <span class='ocrx_word' id='word_1_27' title='bbox 210 803 243 881; x_wconf 79' lang='grc' dir='ltr'>ῥα</span> <span class='ocrx_word' id='word_1_28' title='bbox 254 797 350 878; x_wconf 87' lang='grc' dir='ltr'>μέσησι</span> <span class='ocrx_word' id='word_1_29' title='bbox 360 797 428 876; x_wconf 79' lang='grc' dir='ltr'>μετὰ</span> <span class='ocrx_word' id='word_1_30' title='bbox 438 800 555 879; x_wconf 78' lang='grc' dir='ltr'>δμωῇσιν</span> <span class='ocrx_word' id='word_1_31' title='bbox 565 800 657 859; x_wconf 83' lang='grc' dir='ltr'>ἔειπεν·</span> 
     </span>
    </p>

    <p class='ocr_par' dir='ltr' id='par_1_5' title="bbox 59 885 701 1146">
     <span class='ocr_line' id='line_1_6' title="bbox 100 885 701 967; baseline 0 -20"><span class='ocrx_word' id='word_1_32' title='bbox 100 885 172 960; x_wconf 86' lang='grc' dir='ltr'><strong>Ἤδη</strong></span> <span class='ocrx_word' id='word_1_33' title='bbox 181 910 234 958; x_wconf 90' lang='grc' dir='ltr'>τοι,</span> <span class='ocrx_word' id='word_1_34' title='bbox 246 886 382 965; x_wconf 88' lang='grc' dir='ltr'>βασίλεια,</span> <span class='ocrx_word' id='word_1_35' title='bbox 392 886 464 967; x_wconf 81' lang='grc' dir='ltr'>φίλος</span> <span class='ocrx_word' id='word_1_36' title='bbox 472 895 535 954; x_wconf 86' lang='grc' dir='ltr'>παῖς</span> <span class='ocrx_word' id='word_1_37' title='bbox 545 888 701 960; x_wconf 76' lang='grc' dir='ltr'>εἰλήλουθεν.</span> 
     </span>
     <span class='ocr_line' id='line_1_7' title="bbox 59 967 682 1060; baseline -0.005 -20"><span class='ocrx_word' id='word_1_38' title='bbox 59 976 229 1056; x_wconf 74' lang='grc' dir='ltr'>Πηνελοπείῃ</span> <span class='ocrx_word' id='word_1_39' title='bbox 240 977 262 1035; x_wconf 93' lang='grc' dir='ltr'>δ’</span> <span class='ocrx_word' id='word_1_40' title='bbox 274 967 329 1035; x_wconf 81' lang='grc' dir='ltr'>είπε</span> <span class='ocrx_word' id='word_1_41' title='bbox 339 975 459 1048; x_wconf 78' lang='grc' dir='ltr'>συὺώτης</span> <span class='ocrx_word' id='word_1_42' title='bbox 468 976 532 1057; x_wconf 82' lang='grc' dir='ltr'>ἀγχι</span> <span class='ocrx_word' id='word_1_43' title='bbox 542 976 682 1060; x_wconf 75' lang='grc' dir='ltr'>παραστάς</span> 
     </span>
     <span class='ocr_line' id='line_1_8' title="bbox 59 1063 670 1146; baseline -0.002 -21"><span class='ocrx_word' id='word_1_44' title='bbox 59 1067 147 1139; x_wconf 83' lang='grc' dir='ltr'>πάνθ’,</span> <span class='ocrx_word' id='word_1_45' title='bbox 156 1065 205 1125; x_wconf 83' lang='grc' dir='ltr'><strong>ὑσα</strong></span> <span class='ocrx_word' id='word_1_46' title='bbox 214 1069 238 1124; x_wconf 80' lang='lat' dir='ltr'><strong>oi</strong></span> <span class='ocrx_word' id='word_1_47' title='bbox 247 1064 320 1146; x_wconf 92' lang='grc' dir='ltr'>φίλος</span> <span class='ocrx_word' id='word_1_48' title='bbox 329 1063 381 1132; x_wconf 78' lang='lat' dir='ltr'><strong>oti&lt;</strong></span> <span class='ocrx_word' id='word_1_49' title='bbox 387 1064 480 1143; x_wconf 89' lang='grc' dir='ltr'>ἀνώγει</span> <span class='ocrx_word' id='word_1_50' title='bbox 491 1065 670 1143; x_wconf 77' lang='grc' dir='ltr'>μυθήσασθαι.</span> 
     </span>
    </p>

    <p class='ocr_par' dir='ltr' id='par_1_6' title="bbox 13 1151 770 1324">
     <span class='ocr_line' id='line_1_9' title="bbox 13 1151 672 1238; baseline -0.005 -23"><span class='ocrx_word' id='word_1_51' title='bbox 13 1170 43 1207; x_wconf 74' lang='lat'><strong>⁶0</strong></span> <span class='ocrx_word' id='word_1_52' title='bbox 61 1154 153 1238; x_wconf 81' lang='grc' dir='ltr'>Αθτάρ</span> <span class='ocrx_word' id='word_1_53' title='bbox 165 1151 255 1225; x_wconf 87' lang='grc' dir='ltr'>ἐπειδή</span> <span class='ocrx_word' id='word_1_54' title='bbox 263 1162 353 1210; x_wconf 72' lang='grc' dir='ltr'>πᾶσαν</span> <span class='ocrx_word' id='word_1_55' title='bbox 362 1151 529 1233; x_wconf 73' lang='grc' dir='ltr'>ἐφημοσύνην</span> <span class='ocrx_word' id='word_1_56' title='bbox 539 1151 672 1226; x_wconf 78' lang='grc' dir='ltr'>ἀπέειπεν,</span> 
     </span>
     <span class='ocr_line' id='line_1_10' title="bbox 59 1237 770 1324; baseline 0 -24"><span class='ocrx_word' id='word_1_57' title='bbox 59 1248 94 1322; x_wconf 78' lang='grc' dir='ltr'><strong>βῆ</strong></span> <span class='ocrx_word' id='word_1_58' title='bbox 106 1246 128 1324; x_wconf 76' lang='grc' dir='ltr'><strong>ῥ’</strong></span> <span class='ocrx_word' id='word_1_59' title='bbox 139 1241 226 1320; x_wconf 80' lang='grc' dir='ltr'>ἴμεναι</span> <span class='ocrx_word' id='word_1_60' title='bbox 237 1243 292 1318; x_wconf 84' lang='grc' dir='ltr'>μεθ’</span> <span class='ocrx_word' id='word_1_61' title='bbox 303 1239 363 1312; x_wconf 83' lang='grc' dir='ltr'>θοις,</span> <span class='ocrx_word' id='word_1_62' title='bbox 373 1240 434 1298; x_wconf 86' lang='grc' dir='ltr'>λίπε</span> <span class='ocrx_word' id='word_1_63' title='bbox 444 1240 466 1298; x_wconf 87' lang='grc' dir='ltr'>δ’</span> <span class='ocrx_word' id='word_1_64' title='bbox 478 1239 555 1321; x_wconf 82' lang='grc' dir='ltr'>έρκεά</span> <span class='ocrx_word' id='word_1_65' title='bbox 564 1265 593 1300; x_wconf 89' lang='grc' dir='ltr'><strong>τε</strong></span> <span class='ocrx_word' id='word_1_66' title='bbox 604 1237 719 1322; x_wconf 84' lang='grc' dir='ltr'>μέγαρόν</span> <span class='ocrx_word' id='word_1_67' title='bbox 731 1263 770 1300; x_wconf 90' lang='grc' dir='ltr'><strong>τε.</strong></span> 
     </span>
    </p>

    <p class='ocr_par' dir='ltr' id='par_1_7' title="bbox 58 1327 769 1586">
     <span class='ocr_line' id='line_1_11' title="bbox 100 1327 769 1412; baseline -0.004 -22"><span class='ocrx_word' id='word_1_68' title='bbox 100 1333 255 1410; x_wconf 76' lang='grc' dir='ltr'>Μνηστήρες</span> <span class='ocrx_word' id='word_1_69' title='bbox 264 1330 287 1387; x_wconf 88' lang='grc' dir='ltr'>δ’</span> <span class='ocrx_word' id='word_1_70' title='bbox 297 1327 427 1406; x_wconf 78' lang='grc' dir='ltr'>ἀκάχοντο</span> <span class='ocrx_word' id='word_1_71' title='bbox 436 1328 594 1412; x_wconf 77' lang='grc' dir='ltr'>κατήφησάν</span> <span class='ocrx_word' id='word_1_72' title='bbox 602 1331 626 1387; x_wconf 89' lang='grc' dir='ltr'><strong>τ’</strong></span> <span class='ocrx_word' id='word_1_73' title='bbox 638 1327 676 1388; x_wconf 77' lang='grc' dir='ltr'><strong>ἐνί</strong></span> <span class='ocrx_word' id='word_1_74' title='bbox 685 1333 769 1410; x_wconf 74' lang='grc' dir='ltr'>θυμῷ·</span> 
     </span>
     <span class='ocr_line' id='line_1_12' title="bbox 58 1409 733 1497; baseline 0 -21"><span class='ocrx_word' id='word_1_75' title='bbox 58 1420 89 1476; x_wconf 86' lang='grc' dir='ltr'>ἐκ</span> <span class='ocrx_word' id='word_1_76' title='bbox 99 1419 122 1476; x_wconf 90' lang='grc' dir='ltr'>δ’</span> <span class='ocrx_word' id='word_1_77' title='bbox 131 1409 209 1489; x_wconf 82' lang='grc' dir='ltr'>ἠλθον</span> <span class='ocrx_word' id='word_1_78' title='bbox 220 1415 344 1497; x_wconf 88' lang='grc' dir='ltr'>μεγάροιο</span> <span class='ocrx_word' id='word_1_79' title='bbox 352 1414 438 1496; x_wconf 81' lang='grc' dir='ltr'>παρέκ</span> <span class='ocrx_word' id='word_1_80' title='bbox 449 1415 517 1494; x_wconf 88' lang='grc' dir='ltr'>μέγα</span> <span class='ocrx_word' id='word_1_81' title='bbox 526 1416 624 1496; x_wconf 79' lang='grc' dir='ltr'>τειχίον</span> <span class='ocrx_word' id='word_1_82' title='bbox 636 1419 733 1492; x_wconf 82' lang='grc' dir='ltr'>αὐλῆς,</span> 
     </span>
     <span class='ocr_line' id='line_1_13' title="bbox 58 1503 610 1586; baseline 0 -23"><span class='ocrx_word' id='word_1_83' title='bbox 58 1507 139 1564; x_wconf 78' lang='grc' dir='ltr'>αὑτοῦ</span> <span class='ocrx_word' id='word_1_84' title='bbox 149 1503 176 1563; x_wconf 83' lang='grc' dir='ltr'>δέ</span> <span class='ocrx_word' id='word_1_85' title='bbox 185 1503 344 1586; x_wconf 75' lang='grc' dir='ltr'>προπάροιθε</span> <span class='ocrx_word' id='word_1_86' title='bbox 355 1503 457 1585; x_wconf 89' lang='grc' dir='ltr'>θυράων</span> <span class='ocrx_word' id='word_1_87' title='bbox 466 1503 610 1585; x_wconf 82' lang='grc' dir='ltr'>ἑδριόωντο.</span> 
     </span>
    </p>

    <p class='ocr_par' dir='ltr' id='par_1_8' title="bbox 10 1583 789 1673">
     <span class='ocr_line' id='line_1_14' title="bbox 10 1583 789 1673; baseline 0.003 -25"><span class='ocrx_word' id='word_1_88' title='bbox 10 1612 44 1652; x_wconf 79' lang='lat' dir='ltr'><strong>us</strong></span> <span class='ocrx_word' id='word_1_89' title='bbox 57 1595 153 1652; x_wconf 89' lang='grc' dir='ltr'>Τοῖσιν</span> <span class='ocrx_word' id='word_1_90' title='bbox 160 1593 182 1649; x_wconf 92' lang='grc' dir='ltr'>δ’</span> <span class='ocrx_word' id='word_1_91' title='bbox 191 1587 357 1672; x_wconf 83' lang='grc' dir='ltr'>Εθρύμαχος,</span> <span class='ocrx_word' id='word_1_92' title='bbox 367 1589 493 1650; x_wconf 76' lang='grc' dir='ltr'>Πολύάου</span> <span class='ocrx_word' id='word_1_93' title='bbox 499 1599 570 1663; x_wconf 86' lang='grc' dir='ltr'>ταῖς,</span> <span class='ocrx_word' id='word_1_94' title='bbox 577 1583 639 1673; x_wconf 68' lang='grc' dir='ltr'>ἦρχ’</span> <span class='ocrx_word' id='word_1_95' title='bbox 648 1588 789 1673; x_wconf 87' lang='grc' dir='ltr'>ἀγορεύειν·</span> 
     </span>
    </p>

    <p class='ocr_par' dir='ltr' id='par_1_9' title="bbox 56 1669 757 2023">
     <span class='ocr_line' id='line_1_15' title="bbox 98 1669 757 1760; baseline -0.002 -21"><span class='ocrx_word' id='word_1_96' title='bbox 98 1670 136 1739; x_wconf 80' lang='grc' dir='ltr'>Ὦ</span> <span class='ocrx_word' id='word_1_97' title='bbox 146 1679 230 1760; x_wconf 89' lang='grc' dir='ltr'>φίλοι,</span> <span class='ocrx_word' id='word_1_98' title='bbox 240 1669 257 1750; x_wconf 83' lang='grc' dir='ltr'>ἠ</span> <span class='ocrx_word' id='word_1_99' title='bbox 269 1676 337 1756; x_wconf 81' lang='grc' dir='ltr'>μέγα</span> <span class='ocrx_word' id='word_1_100' title='bbox 348 1677 423 1759; x_wconf 80' lang='grc' dir='ltr'>ἔργον</span> <span class='ocrx_word' id='word_1_101' title='bbox 432 1678 599 1760; x_wconf 83' lang='grc' dir='ltr'>ὑπερφιάλοις</span> <span class='ocrx_word' id='word_1_102' title='bbox 607 1679 757 1738; x_wconf 87' lang='grc' dir='ltr'>τετέλεσται</span> 
     </span>
     <span class='ocr_line' id='line_1_16' title="bbox 56 1764 718 1848; baseline -0.003 -21"><span class='ocrx_word' id='word_1_103' title='bbox 56 1766 227 1848; x_wconf 82' lang='grc' dir='ltr'>Τηλεμάχῳ,</span> <span class='ocrx_word' id='word_1_104' title='bbox 237 1766 294 1832; x_wconf 80' lang='grc' dir='ltr'>ὑδδς</span> <span class='ocrx_word' id='word_1_105' title='bbox 302 1766 358 1836; x_wconf 78' lang='grc' dir='ltr'>ἥδε·</span> <span class='ocrx_word' id='word_1_106' title='bbox 369 1765 456 1847; x_wconf 89' lang='grc' dir='ltr'>φάμεν</span> <span class='ocrx_word' id='word_1_107' title='bbox 466 1764 494 1824; x_wconf 85' lang='grc' dir='ltr'><strong>δέ</strong></span> <span class='ocrx_word' id='word_1_108' title='bbox 503 1769 527 1824; x_wconf 82' lang='lat' dir='ltr'><strong>ci</strong></span> <span class='ocrx_word' id='word_1_109' title='bbox 537 1768 566 1824; x_wconf 83' lang='grc' dir='ltr'><strong>οὐ</strong></span> <span class='ocrx_word' id='word_1_110' title='bbox 575 1765 718 1826; x_wconf 88' lang='grc' dir='ltr'>τελέεσθαι.</span> 
     </span>
     <span class='ocr_line' id='line_1_17' title="bbox 57 1851 755 1936; baseline -0.003 -23"><span class='ocrx_word' id='word_1_111' title='bbox 57 1854 129 1914; x_wconf 77' lang='grc' dir='ltr'>Ἀλλ’</span> <span class='ocrx_word' id='word_1_112' title='bbox 141 1854 203 1932; x_wconf 86' lang='grc' dir='ltr'>ἀγε,</span> <span class='ocrx_word' id='word_1_113' title='bbox 215 1859 265 1925; x_wconf 79' lang='grc' dir='ltr'><strong>νῆα</strong></span> <span class='ocrx_word' id='word_1_114' title='bbox 278 1852 404 1931; x_wconf 88' lang='grc' dir='ltr'>μέλαιναν</span> <span class='ocrx_word' id='word_1_115' title='bbox 416 1851 567 1933; x_wconf 89' lang='grc' dir='ltr'>ἐρύσσομεν,</span> <span class='ocrx_word' id='word_1_116' title='bbox 577 1851 634 1924; x_wconf 82' lang='grc' dir='ltr'>ἡτις</span> <span class='ocrx_word' id='word_1_117' title='bbox 644 1853 755 1936; x_wconf 80' lang='grc' dir='ltr'>ἀρίστη,</span> 
     </span>
     <span class='ocr_line' id='line_1_18' title="bbox 58 1939 676 2023; baseline -0.002 -22"><span class='ocrx_word' id='word_1_118' title='bbox 58 1942 116 2008; x_wconf 62' lang='lat' dir='ltr'><strong>tet</strong></span> <span class='ocrx_word' id='word_1_119' title='bbox 126 1940 215 2023; x_wconf 86' lang='grc' dir='ltr'>ἐρέτας</span> <span class='ocrx_word' id='word_1_120' title='bbox 224 1942 318 2011; x_wconf 78' lang='grc' dir='ltr'>ἇλιῆας</span> <span class='ocrx_word' id='word_1_121' title='bbox 330 1939 476 2020; x_wconf 72' lang='grc' dir='ltr'>ἀγείρομεν,</span> <span class='ocrx_word' id='word_1_122' title='bbox 487 1939 513 1997; x_wconf 81' lang='grc' dir='ltr'><strong>οἵ</strong></span> <span class='ocrx_word' id='word_1_123' title='bbox 521 1963 551 1998; x_wconf 92' lang='grc' dir='ltr'><strong>κε</strong></span> <span class='ocrx_word' id='word_1_124' title='bbox 560 1939 676 2019; x_wconf 87' lang='grc' dir='ltr'>τάχιστα</span> 
     </span>
    </p>

    <p class='ocr_par' dir='ltr' id='par_1_10' title="bbox 10 2017 607 2107">
     <span class='ocr_line' id='line_1_19' title="bbox 10 2017 607 2107; baseline 0 -21"><span class='ocrx_word' id='word_1_125' title='bbox 10 2049 46 2088; x_wconf 73' lang='lat' dir='ltr'><strong>too</strong></span> <span class='ocrx_word' id='word_1_126' title='bbox 58 2029 154 2096; x_wconf 79' lang='grc' dir='ltr'>κείνοις</span> <span class='ocrx_word' id='word_1_127' title='bbox 166 2028 307 2107; x_wconf 80' lang='grc' dir='ltr'>ἀγγείλωσι</span> <span class='ocrx_word' id='word_1_128' title='bbox 316 2031 379 2093; x_wconf 83' lang='grc' dir='ltr'>θοῶς</span> <span class='ocrx_word' id='word_1_129' title='bbox 388 2017 487 2085; x_wconf 75' lang='grc' dir='ltr'>οἶκόνδε</span> <span class='ocrx_word' id='word_1_130' title='bbox 497 2026 607 2086; x_wconf 85' lang='grc' dir='ltr'>νέεσθαι.</span> 
     </span>
    </p>

    <p class='ocr_par' dir='ltr' id='par_1_11' title="bbox 56 2115 734 2461">
     <span class='ocr_line' id='line_1_20' title="bbox 98 2115 734 2198; baseline 0.003 -24"><span class='ocrx_word' id='word_1_131' title='bbox 98 2118 184 2179; x_wconf 83' lang='grc' dir='ltr'>Οὔπω</span> <span class='ocrx_word' id='word_1_132' title='bbox 192 2128 245 2175; x_wconf 80' lang='grc' dir='ltr'><strong>πᾶν</strong></span> <span class='ocrx_word' id='word_1_133' title='bbox 255 2116 345 2198; x_wconf 88' lang='grc' dir='ltr'>εἴρηθ’,</span> <span class='ocrx_word' id='word_1_134' title='bbox 355 2115 392 2174; x_wconf 79' lang='grc' dir='ltr'><strong>ὑπ’</strong></span> <span class='ocrx_word' id='word_1_135' title='bbox 404 2116 444 2197; x_wconf 84' lang='grc' dir='ltr'>ἀρ’</span> <span class='ocrx_word' id='word_1_136' title='bbox 455 2116 612 2198; x_wconf 83' lang='grc' dir='ltr'>Ἀμφίνομος</span> <span class='ocrx_word' id='word_1_137' title='bbox 620 2115 660 2176; x_wconf 91' lang='grc' dir='ltr'><strong>ίδε</strong></span> <span class='ocrx_word' id='word_1_138' title='bbox 669 2122 734 2193; x_wconf 80' lang='grc' dir='ltr'>νῆα,</span> 
     </span>
     <span class='ocr_line' id='line_1_21' title="bbox 59 2202 723 2288; baseline -0.002 -24"><span class='ocrx_word' id='word_1_139' title='bbox 59 2206 192 2288; x_wconf 75' lang='grc' dir='ltr'>στρεφθεὶς</span> <span class='ocrx_word' id='word_1_140' title='bbox 202 2208 231 2263; x_wconf 90' lang='grc' dir='ltr'>ἐκ</span> <span class='ocrx_word' id='word_1_141' title='bbox 239 2203 341 2286; x_wconf 82' lang='grc' dir='ltr'>χώρης,</span> <span class='ocrx_word' id='word_1_142' title='bbox 350 2202 453 2282; x_wconf 77' lang='grc' dir='ltr'>λιμένος</span> <span class='ocrx_word' id='word_1_143' title='bbox 461 2202 632 2270; x_wconf 76' lang='grc' dir='ltr'>πολυὺενθέος</span> <span class='ocrx_word' id='word_1_144' title='bbox 640 2204 723 2279; x_wconf 88' lang='grc' dir='ltr'>ἐντδς,</span> 
     </span>
     <span class='ocr_line' id='line_1_22' title="bbox 56 2288 700 2373; baseline 0 -23"><span class='ocrx_word' id='word_1_145' title='bbox 56 2293 129 2351; x_wconf 84' lang='grc' dir='ltr'>ῖστία</span> <span class='ocrx_word' id='word_1_146' title='bbox 139 2317 166 2350; x_wconf 87' lang='grc' dir='ltr'><strong>τε</strong></span> <span class='ocrx_word' id='word_1_147' title='bbox 177 2291 329 2358; x_wconf 73' lang='grc' dir='ltr'>στέλλοντας</span> <span class='ocrx_word' id='word_1_148' title='bbox 339 2290 436 2373; x_wconf 89' lang='grc' dir='ltr'>ἐρετμά</span> <span class='ocrx_word' id='word_1_149' title='bbox 445 2315 473 2349; x_wconf 91' lang='grc' dir='ltr'><strong>τε</strong></span> <span class='ocrx_word' id='word_1_150' title='bbox 482 2290 573 2371; x_wconf 79' lang='grc' dir='ltr'>χερσὶν</span> <span class='ocrx_word' id='word_1_151' title='bbox 584 2288 700 2370; x_wconf 75' lang='grc' dir='ltr'>ἔχοντας.</span> 
     </span>
     <span class='ocr_line' id='line_1_23' title="bbox 58 2369 729 2461; baseline -0.003 -22"><span class='ocrx_word' id='word_1_152' title='bbox 58 2379 125 2440; x_wconf 77' lang='grc' dir='ltr'>Ἡδὺ</span> <span class='ocrx_word' id='word_1_153' title='bbox 136 2381 157 2438; x_wconf 88' lang='grc' dir='ltr'>δ’</span> <span class='ocrx_word' id='word_1_154' title='bbox 168 2379 209 2461; x_wconf 81' lang='grc' dir='ltr'><strong>ἄρ’</strong></span> <span class='ocrx_word' id='word_1_155' title='bbox 220 2377 362 2456; x_wconf 79' lang='grc' dir='ltr'>ἐκγελάσας</span> <span class='ocrx_word' id='word_1_156' title='bbox 372 2376 532 2459; x_wconf 78' lang='grc' dir='ltr'>μετεφώνεεν</span> <span class='ocrx_word' id='word_1_157' title='bbox 543 2369 580 2445; x_wconf 79' lang='grc' dir='ltr'><strong>οἷς</strong></span> <span class='ocrx_word' id='word_1_158' title='bbox 590 2376 729 2460; x_wconf 74' lang='grc' dir='ltr'>ἑτάροισιν·</span> 
     </span>
    </p>

    <p class='ocr_par' dir='ltr' id='par_1_12' title="bbox 10 2463 788 2722">
     <span class='ocr_line' id='line_1_24' title="bbox 10 2463 788 2552; baseline 0.001 -25"><span class='ocrx_word' id='word_1_159' title='bbox 10 2490 46 2528; x_wconf 74' lang='grc' dir='ltr'><strong>τεο</strong></span> <span class='ocrx_word' id='word_1_160' title='bbox 92 2537 97 2546; x_wconf 32' lang='lat'><strong><em>¹</em></strong></span> <span class='ocrx_word' id='word_1_161' title='bbox 139 2467 187 2538; x_wconf 78' lang='grc' dir='ltr'><strong>Μή</strong></span> <span class='ocrx_word' id='word_1_162' title='bbox 197 2469 244 2525; x_wconf 90' lang='grc' dir='ltr'>τιν’</span> <span class='ocrx_word' id='word_1_163' title='bbox 254 2465 290 2524; x_wconf 87' lang='grc' dir='ltr'><strong>ἐτ’</strong></span> <span class='ocrx_word' id='word_1_164' title='bbox 298 2465 421 2544; x_wconf 86' lang='grc' dir='ltr'>ἀγγελίην</span> <span class='ocrx_word' id='word_1_165' title='bbox 430 2463 579 2546; x_wconf 85' lang='grc' dir='ltr'>ὀτρύνομεν·</span> <span class='ocrx_word' id='word_1_166' title='bbox 589 2463 642 2525; x_wconf 85' lang='grc' dir='ltr'>οίδε</span> <span class='ocrx_word' id='word_1_167' title='bbox 649 2465 700 2552; x_wconf 74' lang='grc' dir='ltr'><strong>γάρ</strong></span> <span class='ocrx_word' id='word_1_168' title='bbox 708 2466 788 2528; x_wconf 83' lang='grc' dir='ltr'>ένδον·</span> 
     </span>
     <span class='ocr_line' id='line_1_25' title="bbox 56 2551 633 2637; baseline -0.007 -22"><span class='ocrx_word' id='word_1_169' title='bbox 56 2554 126 2628; x_wconf 75' lang='grc' dir='ltr'>ἠτίς</span> <span class='ocrx_word' id='word_1_170' title='bbox 135 2578 194 2637; x_wconf 90' lang='grc' dir='ltr'>σφιν</span> <span class='ocrx_word' id='word_1_171' title='bbox 202 2552 256 2612; x_wconf 85' lang='grc' dir='ltr'>τόδ’</span> <span class='ocrx_word' id='word_1_172' title='bbox 266 2553 336 2613; x_wconf 88' lang='grc' dir='ltr'>ἐειπε</span> <span class='ocrx_word' id='word_1_173' title='bbox 345 2556 419 2624; x_wconf 81' lang='grc' dir='ltr'>θεῶν,</span> <span class='ocrx_word' id='word_1_174' title='bbox 431 2551 448 2623; x_wconf 79' lang='grc' dir='ltr'>ἠ</span> <span class='ocrx_word' id='word_1_175' title='bbox 459 2552 549 2619; x_wconf 87' lang='grc' dir='ltr'>είςιδον</span> <span class='ocrx_word' id='word_1_176' title='bbox 559 2553 633 2611; x_wconf 81' lang='grc' dir='ltr'>αὑτοὶ</span> 
     </span>
     <span class='ocr_line' id='line_1_26' title="bbox 57 2637 735 2722; baseline 0 -22"><span class='ocrx_word' id='word_1_177' title='bbox 57 2647 109 2714; x_wconf 80' lang='grc' dir='ltr'><strong>νῆα</strong></span> <span class='ocrx_word' id='word_1_178' title='bbox 118 2639 327 2722; x_wconf 81' lang='grc' dir='ltr'>παρερχομένην,</span> <span class='ocrx_word' id='word_1_179' title='bbox 336 2640 384 2713; x_wconf 83' lang='grc' dir='ltr'>τήν</span> <span class='ocrx_word' id='word_1_180' title='bbox 396 2641 419 2698; x_wconf 90' lang='grc' dir='ltr'>δ’</span> <span class='ocrx_word' id='word_1_181' title='bbox 430 2643 477 2699; x_wconf 85' lang='grc' dir='ltr'><strong>οὑκ</strong></span> <span class='ocrx_word' id='word_1_182' title='bbox 486 2637 608 2699; x_wconf 77' lang='grc' dir='ltr'>ἐδύναντο</span> <span class='ocrx_word' id='word_1_183' title='bbox 618 2644 735 2720; x_wconf 81' lang='grc' dir='ltr'>κιχῆναι.</span> 
     </span>
    </p>

    <p class='ocr_par' dir='ltr' id='par_1_13' title="bbox 95 2726 787 2810">
     <span class='ocr_line' id='line_1_27' title="bbox 95 2726 787 2810; baseline 0 -22"><span class='ocrx_word' id='word_1_184' title='bbox 95 2729 146 2797; x_wconf 79' lang='grc' dir='ltr'><strong>Ὣς</strong></span> <span class='ocrx_word' id='word_1_185' title='bbox 155 2728 238 2810; x_wconf 77' lang='grc' dir='ltr'>ἔφαθ’·</span> <span class='ocrx_word' id='word_1_186' title='bbox 246 2731 270 2787; x_wconf 86' lang='grc' dir='ltr'><strong>οί</strong></span> <span class='ocrx_word' id='word_1_187' title='bbox 278 2727 445 2794; x_wconf 86' lang='grc' dir='ltr'>δ’ἀνστάντες</span> <span class='ocrx_word' id='word_1_188' title='bbox 453 2726 516 2786; x_wconf 74' lang='grc' dir='ltr'>ἐάαν</span> <span class='ocrx_word' id='word_1_189' title='bbox 522 2727 565 2786; x_wconf 82' lang='grc' dir='ltr'><strong>ἐπί</strong></span> <span class='ocrx_word' id='word_1_190' title='bbox 577 2732 635 2785; x_wconf 89' lang='grc' dir='ltr'>θῖνα</span> <span class='ocrx_word' id='word_1_191' title='bbox 644 2727 787 2802; x_wconf 84' lang='grc' dir='ltr'>θαλάσσης·</span> 
     </span>
    </p>

    <p class='ocr_par' dir='ltr' id='par_1_14' title="bbox 57 2804 669 2899">
     <span class='ocr_line' id='line_1_28' title="bbox 57 2804 669 2899; baseline -0.005 -23"><span class='ocrx_word' id='word_1_192' title='bbox 57 2804 163 2899; x_wconf 77' lang='grc' dir='ltr'>α’ίψαδὲ</span> <span class='ocrx_word' id='word_1_193' title='bbox 172 2821 223 2888; x_wconf 75' lang='grc' dir='ltr'><strong>νῆα</strong></span> <span class='ocrx_word' id='word_1_194' title='bbox 234 2815 360 2894; x_wconf 83' lang='grc' dir='ltr'>μέλαιναν</span> <span class='ocrx_word' id='word_1_195' title='bbox 370 2817 411 2873; x_wconf 86' lang='grc' dir='ltr'><strong>ἐπ’</strong></span> <span class='ocrx_word' id='word_1_196' title='bbox 421 2814 538 2895; x_wconf 73' lang='grc' dir='ltr'>ἠπείροιο</span> <span class='ocrx_word' id='word_1_197' title='bbox 548 2812 669 2894; x_wconf 74' lang='grc' dir='ltr'>ἔρυσσαν,</span> 
     </span>
    </p>

    <p class='ocr_par' dir='ltr' id='par_1_15' title="bbox 10 2899 721 3244">
     <span class='ocr_line' id='line_1_29' title="bbox 10 2899 721 2984; baseline -0.006 -19"><span class='ocrx_word' id='word_1_198' title='bbox 10 2925 45 2965; x_wconf 78' lang='lat' dir='ltr'><strong>tuo</strong></span> <span class='ocrx_word' id='word_1_199' title='bbox 58 2903 157 2984; x_wconf 89' lang='grc' dir='ltr'>τεύχεα</span> <span class='ocrx_word' id='word_1_200' title='bbox 167 2902 197 2962; x_wconf 88' lang='grc' dir='ltr'><strong>δέ</strong></span> <span class='ocrx_word' id='word_1_201' title='bbox 206 2903 248 2984; x_wconf 89' lang='grc' dir='ltr'>σφ’</span> <span class='ocrx_word' id='word_1_202' title='bbox 259 2901 398 2961; x_wconf 80' lang='grc' dir='ltr'>ἀπένεικαν</span> <span class='ocrx_word' id='word_1_203' title='bbox 407 2899 550 2983; x_wconf 74' lang='grc' dir='ltr'>ὑπέρθυμοι</span> <span class='ocrx_word' id='word_1_204' title='bbox 559 2899 721 2981; x_wconf 88' lang='grc' dir='ltr'>θεράποντες.</span> 
     </span>
     <span class='ocr_line' id='line_1_30' title="bbox 56 2987 717 3073; baseline -0.008 -20"><span class='ocrx_word' id='word_1_205' title='bbox 56 2990 140 3053; x_wconf 67' lang='lat' dir='ltr'><strong>Abroi</strong></span> <span class='ocrx_word' id='word_1_206' title='bbox 150 2992 172 3051; x_wconf 86' lang='grc' dir='ltr'>δ’</span> <span class='ocrx_word' id='word_1_207' title='bbox 182 2995 217 3059; x_wconf 84' lang='grc' dir='ltr'><strong>είς</strong></span> <span class='ocrx_word' id='word_1_208' title='bbox 227 2989 324 3073; x_wconf 87' lang='grc' dir='ltr'>ἀγορήν</span> <span class='ocrx_word' id='word_1_209' title='bbox 334 2989 390 3048; x_wconf 93' lang='grc' dir='ltr'>κίον</span> <span class='ocrx_word' id='word_1_210' title='bbox 400 2987 501 3072; x_wconf 87' lang='grc' dir='ltr'>ἀθρόοι,</span> <span class='ocrx_word' id='word_1_211' title='bbox 511 2987 570 3046; x_wconf 83' lang='grc' dir='ltr'>οὐδέ</span> <span class='ocrx_word' id='word_1_212' title='bbox 578 2990 628 3046; x_wconf 90' lang='grc' dir='ltr'>τιν’</span> <span class='ocrx_word' id='word_1_213' title='bbox 637 2988 717 3048; x_wconf 80' lang='grc' dir='ltr'>ἀλλον</span> 
     </span>
     <span class='ocr_line' id='line_1_31' title="bbox 56 3072 617 3157; baseline -0.011 -19"><span class='ocrx_word' id='word_1_214' title='bbox 56 3078 119 3138; x_wconf 87' lang='grc' dir='ltr'>είων</span> <span class='ocrx_word' id='word_1_215' title='bbox 127 3078 185 3138; x_wconf 84' lang='grc' dir='ltr'>οὗτε</span> <span class='ocrx_word' id='word_1_216' title='bbox 198 3077 262 3136; x_wconf 83' lang='grc' dir='ltr'>νέων</span> <span class='ocrx_word' id='word_1_217' title='bbox 271 3076 402 3155; x_wconf 76' lang='grc' dir='ltr'>μεταΐζειν</span> <span class='ocrx_word' id='word_1_218' title='bbox 411 3073 469 3134; x_wconf 76' lang='grc' dir='ltr'>οὔτε</span> <span class='ocrx_word' id='word_1_219' title='bbox 480 3072 617 3157; x_wconf 89' lang='grc' dir='ltr'>γερόντων.</span> 
     </span>
     <span class='ocr_line' id='line_1_32' title="bbox 55 3160 667 3244; baseline -0.008 -18"><span class='ocrx_word' id='word_1_220' title='bbox 55 3169 151 3226; x_wconf 89' lang='grc' dir='ltr'>Τοῖσιν</span> <span class='ocrx_word' id='word_1_221' title='bbox 160 3166 184 3223; x_wconf 89' lang='grc' dir='ltr'>δ’</span> <span class='ocrx_word' id='word_1_222' title='bbox 196 3164 320 3231; x_wconf 76' lang='grc' dir='ltr'>Ἀντίνοος</span> <span class='ocrx_word' id='word_1_223' title='bbox 330 3161 444 3244; x_wconf 84' lang='grc' dir='ltr'>μετέφη,</span> <span class='ocrx_word' id='word_1_224' title='bbox 455 3160 596 3228; x_wconf 81' lang='grc' dir='ltr'>Εὐπείθεος</span> <span class='ocrx_word' id='word_1_225' title='bbox 605 3160 667 3230; x_wconf 87' lang='grc' dir='ltr'>υίός·</span> 
     </span>
    </p>

    <p class='ocr_par' dir='ltr' id='par_1_16' title="bbox 97 3247 785 3331">
     <span class='ocr_line' id='line_1_33' title="bbox 97 3247 785 3331; baseline -0.004 -19"><span class='ocrx_word' id='word_1_226' title='bbox 97 3252 136 3313; x_wconf 85' lang='grc' dir='ltr'>Ὦ</span> <span class='ocrx_word' id='word_1_227' title='bbox 145 3250 240 3324; x_wconf 83' lang='grc' dir='ltr'>πόποι,</span> <span class='ocrx_word' id='word_1_228' title='bbox 250 3256 285 3319; x_wconf 84' lang='grc' dir='ltr'><strong>ώς</strong></span> <span class='ocrx_word' id='word_1_229' title='bbox 294 3250 361 3310; x_wconf 87' lang='grc' dir='ltr'>τόνδ’</span> <span class='ocrx_word' id='word_1_230' title='bbox 371 3250 453 3331; x_wconf 81' lang='grc' dir='ltr'>ἄνδρα</span> <span class='ocrx_word' id='word_1_231' title='bbox 463 3250 516 3308; x_wconf 81' lang='grc' dir='ltr'>θεολ</span> <span class='ocrx_word' id='word_1_232' title='bbox 529 3247 672 3322; x_wconf 85' lang='grc' dir='ltr'>κακότητος</span> <span class='ocrx_word' id='word_1_233' title='bbox 682 3247 785 3310; x_wconf 72' lang='grc' dir='ltr'>ἔλυσαν.</span> 
     </span>
    </p>

    <p class='ocr_par' dir='ltr' id='par_1_17' title="bbox 10 3330 729 3769">
     <span class='ocr_line' id='line_1_34' title="bbox 10 3330 728 3418; baseline -0.007 -18"><span class='ocrx_word' id='word_1_234' title='bbox 10 3363 43 3402; x_wconf 79' lang='lat' dir='ltr'><strong>so</strong></span> <span class='ocrx_word' id='word_1_235' title='bbox 50 3339 166 3418; x_wconf 85' lang='grc' dir='ltr'>Ἤματα</span> <span class='ocrx_word' id='word_1_236' title='bbox 177 3337 224 3418; x_wconf 78' lang='grc' dir='ltr'><strong>μέν</strong></span> <span class='ocrx_word' id='word_1_237' title='bbox 234 3330 389 3407; x_wconf 80' lang='grc' dir='ltr'>σκοποὶῖζον</span> <span class='ocrx_word' id='word_1_238' title='bbox 400 3337 440 3396; x_wconf 88' lang='grc' dir='ltr'><strong>ἐπ’</strong></span> <span class='ocrx_word' id='word_1_239' title='bbox 450 3337 543 3417; x_wconf 89' lang='grc' dir='ltr'>άκριας</span> <span class='ocrx_word' id='word_1_240' title='bbox 553 3335 728 3414; x_wconf 88' lang='grc' dir='ltr'>ἠνεμοέσσας,</span> 
     </span>
     <span class='ocr_line' id='line_1_35' title="bbox 57 3421 646 3507; baseline -0.01 -20"><span class='ocrx_word' id='word_1_241' title='bbox 57 3426 115 3487; x_wconf 80' lang='grc' dir='ltr'>αἰέν</span> <span class='ocrx_word' id='word_1_242' title='bbox 124 3424 304 3507; x_wconf 80' lang='grc' dir='ltr'>ἐπασσύτεροι·</span> <span class='ocrx_word' id='word_1_243' title='bbox 315 3424 371 3503; x_wconf 78' lang='grc' dir='ltr'><strong>ἅμα</strong></span> <span class='ocrx_word' id='word_1_244' title='bbox 382 3425 404 3483; x_wconf 85' lang='grc' dir='ltr'>δ’</span> <span class='ocrx_word' id='word_1_245' title='bbox 414 3423 494 3505; x_wconf 84' lang='grc' dir='ltr'>ἠελίῳ</span> <span class='ocrx_word' id='word_1_246' title='bbox 504 3421 646 3482; x_wconf 85' lang='grc' dir='ltr'>καταδύντι</span> 
     </span>
     <span class='ocr_line' id='line_1_36' title="bbox 56 3510 729 3596; baseline -0.01 -21"><span class='ocrx_word' id='word_1_247' title='bbox 56 3515 147 3575; x_wconf 78' lang='grc' dir='ltr'>οὔποτ’</span> <span class='ocrx_word' id='word_1_248' title='bbox 157 3517 197 3574; x_wconf 88' lang='grc' dir='ltr'><strong>ἐπ’</strong></span> <span class='ocrx_word' id='word_1_249' title='bbox 207 3513 314 3596; x_wconf 86' lang='grc' dir='ltr'>ἠπείρου</span> <span class='ocrx_word' id='word_1_250' title='bbox 324 3511 395 3571; x_wconf 89' lang='grc' dir='ltr'>νύκτ’</span> <span class='ocrx_word' id='word_1_251' title='bbox 406 3512 517 3589; x_wconf 80' lang='grc' dir='ltr'>ἄσαμεν,</span> <span class='ocrx_word' id='word_1_252' title='bbox 528 3511 585 3569; x_wconf 87' lang='grc' dir='ltr'>ἀλλ’</span> <span class='ocrx_word' id='word_1_253' title='bbox 595 3510 632 3569; x_wconf 81' lang='grc' dir='ltr'><strong>ἐνί</strong></span> <span class='ocrx_word' id='word_1_254' title='bbox 640 3511 729 3593; x_wconf 83' lang='grc' dir='ltr'>πόντῳ</span> 
     </span>
     <span class='ocr_line' id='line_1_37' title="bbox 56 3599 597 3681; baseline -0.009 -20"><span class='ocrx_word' id='word_1_255' title='bbox 56 3599 102 3674; x_wconf 79' lang='grc' dir='ltr'><strong>νηί</strong></span> <span class='ocrx_word' id='word_1_256' title='bbox 112 3606 158 3681; x_wconf 83' lang='grc' dir='ltr'><strong>θοῇ</strong></span> <span class='ocrx_word' id='word_1_257' title='bbox 167 3601 299 3668; x_wconf 86' lang='grc' dir='ltr'>πλείοντες</span> <span class='ocrx_word' id='word_1_258' title='bbox 309 3600 452 3679; x_wconf 88' lang='grc' dir='ltr'>ἐμίμνομεν</span> <span class='ocrx_word' id='word_1_259' title='bbox 462 3600 519 3658; x_wconf 83' lang='grc' dir='ltr'><strong>Ἠῶ</strong></span> <span class='ocrx_word' id='word_1_260' title='bbox 529 3599 597 3669; x_wconf 90' lang='grc' dir='ltr'>δῖαν,</span> 
     </span>
     <span class='ocr_line' id='line_1_38' title="bbox 56 3685 689 3769; baseline -0.009 -20"><span class='ocrx_word' id='word_1_261' title='bbox 56 3688 219 3769; x_wconf 81' lang='grc' dir='ltr'>Τηλέμαχον</span> <span class='ocrx_word' id='word_1_262' title='bbox 228 3688 384 3769; x_wconf 81' lang='grc' dir='ltr'>λοχόωντες,</span> <span class='ocrx_word' id='word_1_263' title='bbox 393 3686 437 3746; x_wconf 82' lang='grc' dir='ltr'><strong>ἵνα</strong></span> <span class='ocrx_word' id='word_1_264' title='bbox 447 3685 580 3768; x_wconf 90' lang='grc' dir='ltr'>φθίσωμεν</span> <span class='ocrx_word' id='word_1_265' title='bbox 589 3685 689 3753; x_wconf 77' lang='grc' dir='ltr'>ἑλόντες</span> 
     </span>
    </p>

    <p class='ocr_par' dir='ltr' id='par_1_18' title="bbox 10 3773 786 4206">
     <span class='ocr_line' id='line_1_39' title="bbox 10 3773 786 3858; baseline -0.005 -20"><span class='ocrx_word' id='word_1_266' title='bbox 10 3800 42 3839; x_wconf 72' lang='grc' dir='ltr'>σο</span> <span class='ocrx_word' id='word_1_267' title='bbox 57 3775 147 3836; x_wconf 85' lang='grc' dir='ltr'>αὐτόν·</span> <span class='ocrx_word' id='word_1_268' title='bbox 156 3777 200 3835; x_wconf 86' lang='grc' dir='ltr'><strong>τδν</strong></span> <span class='ocrx_word' id='word_1_269' title='bbox 209 3777 231 3835; x_wconf 90' lang='grc' dir='ltr'>δ’</span> <span class='ocrx_word' id='word_1_270' title='bbox 243 3777 293 3858; x_wconf 86' lang='grc' dir='ltr'><strong>ἀρα</strong></span> <span class='ocrx_word' id='word_1_271' title='bbox 303 3776 366 3843; x_wconf 89' lang='grc' dir='ltr'>τέως</span> <span class='ocrx_word' id='word_1_272' title='bbox 375 3779 422 3853; x_wconf 83' lang='grc' dir='ltr'><strong>μὲν</strong></span> <span class='ocrx_word' id='word_1_273' title='bbox 433 3775 568 3853; x_wconf 85' lang='grc' dir='ltr'>άπήγαγεν</span> <span class='ocrx_word' id='word_1_274' title='bbox 578 3773 667 3832; x_wconf 89' lang='grc' dir='ltr'>οίκαδε</span> <span class='ocrx_word' id='word_1_275' title='bbox 676 3773 786 3852; x_wconf 91' lang='grc' dir='ltr'>δαίμων.</span> 
     </span>
     <span class='ocr_line' id='line_1_40' title="bbox 57 3860 709 3945; baseline -0.015 -17"><span class='ocrx_word' id='word_1_276' title='bbox 57 3865 152 3943; x_wconf 82' lang='grc' dir='ltr'>Ἡμεῖς</span> <span class='ocrx_word' id='word_1_277' title='bbox 162 3865 184 3923; x_wconf 83' lang='grc' dir='ltr'>δ’</span> <span class='ocrx_word' id='word_1_278' title='bbox 194 3863 283 3923; x_wconf 81' lang='grc' dir='ltr'>ἐνθάδε</span> <span class='ocrx_word' id='word_1_279' title='bbox 293 3864 316 3923; x_wconf 75' lang='lat' dir='ltr'><strong>ci</strong></span> <span class='ocrx_word' id='word_1_280' title='bbox 326 3861 482 3945; x_wconf 75' lang='grc' dir='ltr'>φραζώμεθα</span> <span class='ocrx_word' id='word_1_281' title='bbox 492 3861 587 3943; x_wconf 88' lang='grc' dir='ltr'>λυγρδν</span> <span class='ocrx_word' id='word_1_282' title='bbox 596 3860 709 3942; x_wconf 82' lang='grc' dir='ltr'>όλεθρον,</span> 
     </span>
     <span class='ocr_line' id='line_1_41' title="bbox 56 3944 701 4033; baseline -0.006 -21"><span class='ocrx_word' id='word_1_283' title='bbox 56 3952 221 4033; x_wconf 79' lang='grc' dir='ltr'>Τηλεμάχῳ·</span> <span class='ocrx_word' id='word_1_284' title='bbox 235 3952 294 4029; x_wconf 83' lang='grc' dir='ltr'><strong>μηδ</strong></span> <span class='ocrx_word' id='word_1_285' title='bbox 305 3944 375 4029; x_wconf 79' lang='grc' dir='ltr'>ἡμας</span> <span class='ocrx_word' id='word_1_286' title='bbox 389 3948 541 4031; x_wconf 89' lang='grc' dir='ltr'>ὑπεκφύγοι·</span> <span class='ocrx_word' id='word_1_287' title='bbox 552 3952 581 4008; x_wconf 78' lang='grc' dir='ltr'><strong>οὗ</strong></span> <span class='ocrx_word' id='word_1_288' title='bbox 591 3948 642 4031; x_wconf 74' lang='grc' dir='ltr'><strong>γάρ</strong></span> <span class='ocrx_word' id='word_1_289' title='bbox 653 3945 701 4008; x_wconf 82' lang='grc' dir='ltr'><strong>ἀίω</strong></span> 
     </span>
     <span class='ocr_line' id='line_1_42' title="bbox 56 4035 626 4119; baseline -0.007 -19"><span class='ocrx_word' id='word_1_290' title='bbox 56 4039 151 4100; x_wconf 88' lang='grc' dir='ltr'>τούτου</span> <span class='ocrx_word' id='word_1_291' title='bbox 160 4063 190 4118; x_wconf 88' lang='grc' dir='ltr'><strong>γε</strong></span> <span class='ocrx_word' id='word_1_292' title='bbox 199 4037 306 4108; x_wconf 82' lang='grc' dir='ltr'>ζώοντος</span> <span class='ocrx_word' id='word_1_293' title='bbox 316 4035 472 4096; x_wconf 84' lang='grc' dir='ltr'>ἀνύσσεσθαι</span> <span class='ocrx_word' id='word_1_294' title='bbox 481 4036 545 4116; x_wconf 79' lang='grc' dir='ltr'>τάδε</span> <span class='ocrx_word' id='word_1_295' title='bbox 554 4037 626 4119; x_wconf 77' lang='grc' dir='ltr'>ἔργα.</span> 
     </span>
     <span class='ocr_line' id='line_1_43' title="bbox 56 4123 661 4206; baseline -0.007 -19"><span class='ocrx_word' id='word_1_296' title='bbox 56 4125 144 4193; x_wconf 83' lang='grc' dir='ltr'>Αὑτδς</span> <span class='ocrx_word' id='word_1_297' title='bbox 153 4128 201 4203; x_wconf 77' lang='grc' dir='ltr'><strong>μέν</strong></span> <span class='ocrx_word' id='word_1_298' title='bbox 210 4124 260 4205; x_wconf 79' lang='grc' dir='ltr'><strong>γάρ</strong></span> <span class='ocrx_word' id='word_1_299' title='bbox 270 4123 422 4201; x_wconf 79' lang='grc' dir='ltr'>ἐπιστήμων</span> <span class='ocrx_word' id='word_1_300' title='bbox 434 4127 515 4204; x_wconf 82' lang='grc' dir='ltr'>βουλῆ</span> <span class='ocrx_word' id='word_1_301' title='bbox 524 4147 552 4182; x_wconf 91' lang='grc' dir='ltr'><strong>τε</strong></span> <span class='ocrx_word' id='word_1_302' title='bbox 563 4123 614 4206; x_wconf 85' lang='grc' dir='ltr'>νόῳ</span> <span class='ocrx_word' id='word_1_303' title='bbox 623 4147 661 4183; x_wconf 91' lang='grc' dir='ltr'><strong>τε·</strong></span> 
     </span>
    </p>

    <p class='ocr_par' dir='ltr' id='par_1_19' title="bbox 10 4191 741 4646">
     <span class='ocr_line' id='line_1_44' title="bbox 10 4191 690 4293; baseline -0.009 -19"><span class='ocrx_word' id='word_1_304' title='bbox 10 4235 43 4274; x_wconf 72' lang='grc' dir='ltr'>σο</span> <span class='ocrx_word' id='word_1_305' title='bbox 55 4214 118 4273; x_wconf 83' lang='grc' dir='ltr'>λαοί</span> <span class='ocrx_word' id='word_1_306' title='bbox 128 4214 150 4273; x_wconf 90' lang='grc' dir='ltr'>δ’</span> <span class='ocrx_word' id='word_1_307' title='bbox 160 4211 246 4271; x_wconf 83' lang='grc' dir='ltr'>οὐκέτι</span> <span class='ocrx_word' id='word_1_308' title='bbox 255 4212 369 4289; x_wconf 88' lang='grc' dir='ltr'>πάμπαν</span> <span class='ocrx_word' id='word_1_309' title='bbox 379 4213 417 4293; x_wconf 88' lang='grc' dir='ltr'>ἐφ’</span> <span class='ocrx_word' id='word_1_310' title='bbox 428 4216 491 4287; x_wconf 91' lang='grc' dir='ltr'>ἡμῖν</span> <span class='ocrx_word' id='word_1_311' title='bbox 501 4191 553 4291; x_wconf 79' lang='grc' dir='ltr'>ἠρα</span> <span class='ocrx_word' id='word_1_312' title='bbox 563 4209 690 4292; x_wconf 90' lang='grc' dir='ltr'>φέρουσιν.</span> 
     </span>
     <span class='ocr_line' id='line_1_45' title="bbox 56 4296 741 4379; baseline -0.006 -19"><span class='ocrx_word' id='word_1_313' title='bbox 56 4301 127 4360; x_wconf 78' lang='grc' dir='ltr'>Ἀλλ’</span> <span class='ocrx_word' id='word_1_314' title='bbox 137 4299 214 4379; x_wconf 75' lang='grc' dir='ltr'>ἄγετε</span> <span class='ocrx_word' id='word_1_315' title='bbox 222 4346 230 4372; x_wconf 90' lang='grc'>,</span> <span class='ocrx_word' id='word_1_316' title='bbox 239 4299 300 4379; x_wconf 81' lang='grc' dir='ltr'>πρίν</span> <span class='ocrx_word' id='word_1_317' title='bbox 309 4306 393 4356; x_wconf 89' lang='grc' dir='ltr'>κεῖνον</span> <span class='ocrx_word' id='word_1_318' title='bbox 402 4296 612 4377; x_wconf 81' lang='grc' dir='ltr'>ὁμηγυρίσασθαι</span> <span class='ocrx_word' id='word_1_319' title='bbox 621 4296 741 4376; x_wconf 78' lang='grc' dir='ltr'>Ἀχαιούς</span> 
     </span>
     <span class='ocr_line' id='line_1_46' title="bbox 57 4383 697 4471; baseline -0.008 -23"><span class='ocrx_word' id='word_1_320' title='bbox 57 4392 94 4456; x_wconf 83' lang='grc' dir='ltr'><strong>τίς</strong></span> <span class='ocrx_word' id='word_1_321' title='bbox 103 4387 200 4471; x_wconf 85' lang='grc' dir='ltr'>ἀγορήν</span> <span class='ocrx_word' id='word_1_322' title='bbox 211 4423 251 4432; x_wconf 91' lang='grc'>-</span> <span class='ocrx_word' id='word_1_323' title='bbox 260 4390 289 4446; x_wconf 83' lang='grc' dir='ltr'><strong>οὗ</strong></span> <span class='ocrx_word' id='word_1_324' title='bbox 299 4386 350 4467; x_wconf 91' lang='grc' dir='ltr'><strong>γάρ</strong></span> <span class='ocrx_word' id='word_1_325' title='bbox 359 4410 384 4444; x_wconf 90' lang='grc' dir='ltr'><strong>τι</strong></span> <span class='ocrx_word' id='word_1_326' title='bbox 395 4383 571 4463; x_wconf 86' lang='grc' dir='ltr'>μεθησέμεναί</span> <span class='ocrx_word' id='word_1_327' title='bbox 581 4408 625 4462; x_wconf 93' lang='grc' dir='ltr'><strong>μιν</strong></span> <span class='ocrx_word' id='word_1_328' title='bbox 635 4383 697 4458; x_wconf 84' lang='grc' dir='ltr'>ὀίω,</span> 
     </span>
     <span class='ocr_line' id='line_1_47' title="bbox 57 4471 671 4555; baseline -0.011 -18"><span class='ocrx_word' id='word_1_329' title='bbox 57 4478 117 4536; x_wconf 85' lang='grc' dir='ltr'>ἀλλ’</span> <span class='ocrx_word' id='word_1_330' title='bbox 129 4475 300 4554; x_wconf 87' lang='grc' dir='ltr'>ἀπομηνίσει,</span> <span class='ocrx_word' id='word_1_331' title='bbox 311 4473 376 4555; x_wconf 88' lang='grc' dir='ltr'>ἐρέει</span> <span class='ocrx_word' id='word_1_332' title='bbox 387 4474 408 4532; x_wconf 84' lang='grc' dir='ltr'>δ’</span> <span class='ocrx_word' id='word_1_333' title='bbox 418 4477 444 4533; x_wconf 87' lang='grc' dir='ltr'><strong>ἐν</strong></span> <span class='ocrx_word' id='word_1_334' title='bbox 454 4482 535 4531; x_wconf 73' lang='grc' dir='ltr'>πᾶσιν</span> <span class='ocrx_word' id='word_1_335' title='bbox 546 4471 671 4545; x_wconf 89' lang='grc' dir='ltr'>ἀναστδις,</span> 
     </span>
     <span class='ocr_line' id='line_1_48' title="bbox 56 4560 730 4646; baseline -0.009 -22"><span class='ocrx_word' id='word_1_336' title='bbox 56 4563 152 4624; x_wconf 84' lang='grc' dir='ltr'>οὑνεκά</span> <span class='ocrx_word' id='word_1_337' title='bbox 161 4569 184 4624; x_wconf 83' lang='lat' dir='ltr'><strong>ol</strong></span> <span class='ocrx_word' id='word_1_338' title='bbox 193 4563 269 4646; x_wconf 89' lang='grc' dir='ltr'>φόνον</span> <span class='ocrx_word' id='word_1_339' title='bbox 279 4563 357 4622; x_wconf 76' lang='grc' dir='ltr'>αἰπὺν</span> <span class='ocrx_word' id='word_1_340' title='bbox 368 4561 523 4643; x_wconf 85' lang='grc' dir='ltr'>ἐράπτομεν,</span> <span class='ocrx_word' id='word_1_341' title='bbox 533 4562 585 4620; x_wconf 80' lang='grc' dir='ltr'>οὐδ’</span> <span class='ocrx_word' id='word_1_342' title='bbox 596 4560 730 4640; x_wconf 87' lang='grc' dir='ltr'>ἐκίχημεν·</span> 
     </span>
    </p>

    <p class='ocr_par' dir='ltr' id='par_1_20' title="bbox 10 4646 724 5079">
     <span class='ocr_line' id='line_1_49' title="bbox 10 4646 639 4729; baseline -0.01 -18"><span class='ocrx_word' id='word_1_343' title='bbox 10 4673 45 4712; x_wconf 75' lang='lat' dir='ltr'><strong>tati</strong></span> <span class='ocrx_word' id='word_1_344' title='bbox 56 4655 81 4710; x_wconf 82' lang='grc' dir='ltr'><strong>οἱ</strong></span> <span class='ocrx_word' id='word_1_345' title='bbox 92 4654 114 4710; x_wconf 84' lang='grc' dir='ltr'>δ’</span> <span class='ocrx_word' id='word_1_346' title='bbox 126 4654 175 4710; x_wconf 82' lang='grc' dir='ltr'><strong>οὐκ</strong></span> <span class='ocrx_word' id='word_1_347' title='bbox 183 4649 332 4717; x_wconf 76' lang='grc' dir='ltr'>αἰνήσουσίν</span> <span class='ocrx_word' id='word_1_348' title='bbox 341 4648 477 4716; x_wconf 88' lang='grc' dir='ltr'>ἀκούοντες</span> <span class='ocrx_word' id='word_1_349' title='bbox 486 4646 556 4707; x_wconf 81' lang='grc' dir='ltr'>κακθι</span> <span class='ocrx_word' id='word_1_350' title='bbox 566 4647 639 4729; x_wconf 77' lang='grc' dir='ltr'>ἔργα·</span> 
     </span>
     <span class='ocr_line' id='line_1_50' title="bbox 58 4735 629 4819; baseline -0.009 -21"><span class='ocrx_word' id='word_1_351' title='bbox 58 4738 124 4818; x_wconf 82' lang='grc' dir='ltr'><strong>μήτι</strong></span> <span class='ocrx_word' id='word_1_352' title='bbox 132 4740 213 4798; x_wconf 84' lang='grc' dir='ltr'>κακὸν</span> <span class='ocrx_word' id='word_1_353' title='bbox 226 4736 316 4819; x_wconf 62' lang='grc' dir='ltr'>ρεῖωσι</span> <span class='ocrx_word' id='word_1_354' title='bbox 325 4737 371 4795; x_wconf 85' lang='grc' dir='ltr'><strong>καί</strong></span> <span class='ocrx_word' id='word_1_355' title='bbox 380 4736 463 4814; x_wconf 82' lang='grc' dir='ltr'>ἡμέας</span> <span class='ocrx_word' id='word_1_356' title='bbox 473 4735 629 4805; x_wconf 81' lang='grc' dir='ltr'>ἀξελάσωσιν</span> 
     </span>
     <span class='ocr_line' id='line_1_51' title="bbox 57 4822 724 4906; baseline -0.006 -21"><span class='ocrx_word' id='word_1_357' title='bbox 57 4825 136 4906; x_wconf 89' lang='grc' dir='ltr'>γαίης</span> <span class='ocrx_word' id='word_1_358' title='bbox 144 4824 287 4906; x_wconf 86' lang='grc' dir='ltr'>ἡμετέρης,</span> <span class='ocrx_word' id='word_1_359' title='bbox 298 4824 417 4883; x_wconf 76' lang='grc' dir='ltr'>ἄλλωνδ’</span> <span class='ocrx_word' id='word_1_360' title='bbox 428 4822 581 4906; x_wconf 89' lang='grc' dir='ltr'>ἀφικώμεθα</span> <span class='ocrx_word' id='word_1_361' title='bbox 592 4824 675 4900; x_wconf 72' lang='grc' dir='ltr'>δῆμον</span> <span class='ocrx_word' id='word_1_362' title='bbox 683 4855 724 4868; x_wconf 85' lang='grc'>-</span> 
     </span>
     <span class='ocr_line' id='line_1_52' title="bbox 59 4909 697 4994; baseline -0.003 -24"><span class='ocrx_word' id='word_1_363' title='bbox 59 4910 128 4970; x_wconf 75' lang='grc' dir='ltr'>ἀλλὰ</span> <span class='ocrx_word' id='word_1_364' title='bbox 138 4910 256 4994; x_wconf 86' lang='grc' dir='ltr'>φθέωμεν</span> <span class='ocrx_word' id='word_1_365' title='bbox 266 4909 365 4978; x_wconf 80' lang='grc' dir='ltr'>ἑλόντες</span> <span class='ocrx_word' id='word_1_366' title='bbox 375 4910 414 4969; x_wconf 89' lang='grc' dir='ltr'><strong>ἐπ’</strong></span> <span class='ocrx_word' id='word_1_367' title='bbox 424 4914 506 4992; x_wconf 83' lang='grc' dir='ltr'>ἀγροῦ</span> <span class='ocrx_word' id='word_1_368' title='bbox 515 4909 590 4991; x_wconf 86' lang='grc' dir='ltr'>νόσφι</span> <span class='ocrx_word' id='word_1_369' title='bbox 599 4909 697 4982; x_wconf 85' lang='grc' dir='ltr'>πόληος</span> 
     </span>
     <span class='ocr_line' id='line_1_53' title="bbox 58 4995 694 5079; baseline -0.003 -23"><span class='ocrx_word' id='word_1_370' title='bbox 58 4995 76 5068; x_wconf 81' lang='grc' dir='ltr'>ἠ</span> <span class='ocrx_word' id='word_1_371' title='bbox 86 5000 113 5056; x_wconf 84' lang='grc' dir='ltr'><strong>ἐν</strong></span> <span class='ocrx_word' id='word_1_372' title='bbox 123 4999 184 5079; x_wconf 79' lang='grc' dir='ltr'>ὁδῷ·</span> <span class='ocrx_word' id='word_1_373' title='bbox 196 4997 310 5077; x_wconf 84' lang='grc' dir='ltr'>βίοτονδ</span> <span class='ocrx_word' id='word_1_374' title='bbox 323 4996 396 5056; x_wconf 74' lang='grc' dir='ltr'>αὐτοὶ</span> <span class='ocrx_word' id='word_1_375' title='bbox 405 4997 451 5057; x_wconf 82' lang='grc' dir='ltr'><strong>καί</strong></span> <span class='ocrx_word' id='word_1_376' title='bbox 459 4997 572 5075; x_wconf 81' lang='grc' dir='ltr'>κτὴματ’</span> <span class='ocrx_word' id='word_1_377' title='bbox 582 4996 694 5076; x_wconf 81' lang='grc' dir='ltr'>έχωμεν,</span> 
     </span>
    </p>

    <p class='ocr_par' dir='ltr' id='par_1_21' title="bbox 10 5074 746 5255">
     <span class='ocr_line' id='line_1_54' title="bbox 10 5074 746 5167; baseline 0 -25"><span class='ocrx_word' id='word_1_378' title='bbox 10 5103 46 5142; x_wconf 80' lang='lat' dir='ltr'><strong>sse</strong></span> <span class='ocrx_word' id='word_1_379' title='bbox 58 5084 220 5162; x_wconf 88' lang='grc' dir='ltr'>δασσάμενοι</span> <span class='ocrx_word' id='word_1_380' title='bbox 229 5084 298 5144; x_wconf 75' lang='grc' dir='ltr'>κατὰ</span> <span class='ocrx_word' id='word_1_381' title='bbox 308 5093 402 5167; x_wconf 90' lang='grc' dir='ltr'>μοῖραν</span> <span class='ocrx_word' id='word_1_382' title='bbox 411 5086 451 5167; x_wconf 86' lang='grc' dir='ltr'>ἐφ’</span> <span class='ocrx_word' id='word_1_383' title='bbox 461 5083 557 5161; x_wconf 87' lang='grc' dir='ltr'>ἡμέας,</span> <span class='ocrx_word' id='word_1_384' title='bbox 568 5083 637 5143; x_wconf 84' lang='grc' dir='ltr'>οίκία</span> <span class='ocrx_word' id='word_1_385' title='bbox 650 5085 672 5142; x_wconf 91' lang='grc' dir='ltr'>δ’</span> <span class='ocrx_word' id='word_1_386' title='bbox 683 5074 746 5143; x_wconf 76' lang='grc' dir='ltr'><strong>αάτε</strong></span> 
     </span>
     <span class='ocr_line' id='line_1_55' title="bbox 59 5170 665 5255; baseline 0 -24"><span class='ocrx_word' id='word_1_387' title='bbox 59 5172 145 5232; x_wconf 89' lang='grc' dir='ltr'>κείνου</span> <span class='ocrx_word' id='word_1_388' title='bbox 157 5172 250 5255; x_wconf 88' lang='grc' dir='ltr'>μητέρι</span> <span class='ocrx_word' id='word_1_389' title='bbox 261 5175 348 5252; x_wconf 90' lang='grc' dir='ltr'>δοῖμεν</span> <span class='ocrx_word' id='word_1_390' title='bbox 358 5173 437 5254; x_wconf 81' lang='grc' dir='ltr'>ἐχειν,</span> <span class='ocrx_word' id='word_1_391' title='bbox 447 5173 488 5244; x_wconf 86' lang='grc' dir='ltr'>ἠδ’</span> <span class='ocrx_word' id='word_1_392' title='bbox 498 5170 563 5240; x_wconf 82' lang='grc' dir='ltr'>ὑςτις</span> <span class='ocrx_word' id='word_1_393' title='bbox 571 5170 665 5232; x_wconf 85' lang='grc' dir='ltr'>ὀπυίοι.</span> 
     </span>
    </p>
   </div>
   <div class='ocr_carea' id='block_1_3' title="bbox 1059 408 1611 479">
    <p class='ocr_par' dir='ltr' id='par_1_22' title="bbox 1059 408 1611 479">
     <span class='ocr_line' id='line_1_56' title="bbox 1059 408 1611 479; baseline 0.014 -11"><span class='ocrx_word' id='word_1_394' title='bbox 1059 408 1271 471; x_wconf 80' lang='lat' dir='ltr'>ODYSSEAE</span> <span class='ocrx_word' id='word_1_395' title='bbox 1296 412 1387 476; x_wconf 84' lang='lat' dir='ltr'><strong>XVI.</strong></span> <span class='ocrx_word' id='word_1_396' title='bbox 1554 418 1611 479; x_wconf 76' lang='grc'><strong>447</strong></span> 
     </span>
    </p>
   </div>
   <div class='ocr_carea' id='block_1_4' title="bbox 831 539 1613 1220">
    <p class='ocr_par' dir='ltr' id='par_1_23' title="bbox 831 539 1613 861">
     <span class='ocr_line' id='line_1_57' title="bbox 831 539 1613 610; baseline 0.015 -24"><span class='ocrx_word' id='word_1_397' title='bbox 831 539 910 598; x_wconf 77' lang='lat' dir='ltr'><strong>Atque</strong></span> <span class='ocrx_word' id='word_1_398' title='bbox 919 539 1244 591; x_wconf 75' lang='lat' dir='ltr'><strong>oreumenrntsibiiuvicem</strong></span> <span class='ocrx_word' id='word_1_399' title='bbox 1254 555 1333 605; x_wconf 77' lang='lat' dir='ltr'><strong>pruno</strong></span> <span class='ocrx_word' id='word_1_400' title='bbox 1341 548 1366 593; x_wconf 92' lang='lat' dir='ltr'><strong>et</strong></span> <span class='ocrx_word' id='word_1_401' title='bbox 1372 543 1469 596; x_wconf 76' lang='lat' dir='ltr'><strong>diurnus</strong></span> <span class='ocrx_word' id='word_1_402' title='bbox 1482 548 1613 610; x_wconf 78' lang='lat' dir='ltr'><strong>subulcus,</strong></span> 
     </span>
     <span class='ocr_line' id='line_1_58' title="bbox 831 621 1334 687; baseline 0.02 -17"><span class='ocrx_word' id='word_1_403' title='bbox 831 621 940 684; x_wconf 86' lang='lat' dir='ltr'><strong>ejusdem</strong></span> <span class='ocrx_word' id='word_1_404' title='bbox 948 626 1024 686; x_wconf 78' lang='lat' dir='ltr'><strong>gratia</strong></span> <span class='ocrx_word' id='word_1_405' title='bbox 1032 627 1124 687; x_wconf 90' lang='lat' dir='ltr'><strong>nuntii,</strong></span> <span class='ocrx_word' id='word_1_406' title='bbox 1134 628 1222 677; x_wconf 75' lang='lat' dir='ltr'><strong>dictum</strong></span> <span class='ocrx_word' id='word_1_407' title='bbox 1232 631 1334 680; x_wconf 87' lang='lat' dir='ltr'><strong>mulieri.</strong></span> 
     </span>
     <span class='ocr_line' id='line_1_59' title="bbox 832 709 1525 784; baseline 0.02 -26"><span class='ocrx_word' id='word_1_408' title='bbox 832 709 879 758; x_wconf 85' lang='lat' dir='ltr'><strong>Sed</strong></span> <span class='ocrx_word' id='word_1_409' title='bbox 888 712 984 773; x_wconf 78' lang='lat' dir='ltr'><strong>quondo</strong></span> <span class='ocrx_word' id='word_1_410' title='bbox 991 713 1041 775; x_wconf 75' lang='lat' dir='ltr'><strong>iam</strong></span> <span class='ocrx_word' id='word_1_411' title='bbox 1050 721 1208 778; x_wconf 80' lang='lat' dir='ltr'><strong>pervenerant</strong></span> <span class='ocrx_word' id='word_1_412' title='bbox 1217 721 1246 766; x_wconf 87' lang='lat' dir='ltr'><strong>in</strong></span> <span class='ocrx_word' id='word_1_413' title='bbox 1256 718 1356 768; x_wconf 89' lang='lat' dir='ltr'><strong>domum</strong></span> <span class='ocrx_word' id='word_1_414' title='bbox 1365 720 1439 770; x_wconf 84' lang='lat' dir='ltr'><strong>divini</strong></span> <span class='ocrx_word' id='word_1_415' title='bbox 1449 723 1525 784; x_wconf 79' lang='lat' dir='ltr'><strong>regis,</strong></span> 
     </span>
     <span class='ocr_line' id='line_1_60' title="bbox 832 800 1386 861; baseline 0.022 -16"><span class='ocrx_word' id='word_1_416' title='bbox 832 809 912 858; x_wconf 82' lang='lat' dir='ltr'><strong>pruco</strong></span> <span class='ocrx_word' id='word_1_417' title='bbox 922 800 1020 861; x_wconf 86' lang='lat' dir='ltr'><strong>quidem</strong></span> <span class='ocrx_word' id='word_1_418' title='bbox 1029 803 1121 853; x_wconf 88' lang='lat' dir='ltr'><strong>medias</strong></span> <span class='ocrx_word' id='word_1_419' title='bbox 1130 804 1192 853; x_wconf 89' lang='lat' dir='ltr'><strong>inter</strong></span> <span class='ocrx_word' id='word_1_420' title='bbox 1201 807 1299 856; x_wconf 76' lang='lat' dir='ltr'><strong>ancillas</strong></span> <span class='ocrx_word' id='word_1_421' title='bbox 1308 807 1369 857; x_wconf 83' lang='lat' dir='ltr'><strong>dixit</strong></span> <span class='ocrx_word' id='word_1_422' title='bbox 1379 823 1386 857; x_wconf 78' lang='grc' dir='ltr'><strong>τ</strong></span> 
     </span>
    </p>

    <p class='ocr_par' dir='ltr' id='par_1_24' title="bbox 831 888 1599 1220">
     <span class='ocr_line' id='line_1_61' title="bbox 863 888 1357 951; baseline 0.02 -18"><span class='ocrx_word' id='word_1_423' title='bbox 863 888 917 934; x_wconf 85' lang='lat' dir='ltr'><strong>Jam</strong></span> <span class='ocrx_word' id='word_1_424' title='bbox 928 888 1201 951; x_wconf 76' lang='lat' dir='ltr'><strong>tibi‚regtna,dilectus</strong></span> <span class='ocrx_word' id='word_1_425' title='bbox 1210 893 1357 944; x_wconf 87' lang='lat' dir='ltr'><strong>iiiinsvenit.</strong></span> 
     </span>
     <span class='ocr_line' id='line_1_62' title="bbox 832 973 1416 1046; baseline 0.022 -26"><span class='ocrx_word' id='word_1_426' title='bbox 832 973 957 1037; x_wconf 75' lang='lat' dir='ltr'><strong>Penelope</strong></span> <span class='ocrx_word' id='word_1_427' title='bbox 967 981 1048 1026; x_wconf 66' lang='lat' dir='ltr'><strong>anum</strong></span> <span class='ocrx_word' id='word_1_428' title='bbox 1057 977 1117 1028; x_wconf 80' lang='lat' dir='ltr'>dixit</span> <span class='ocrx_word' id='word_1_429' title='bbox 1126 979 1243 1031; x_wconf 81' lang='lat' dir='ltr'><strong>subulcus</strong></span> <span class='ocrx_word' id='word_1_430' title='bbox 1251 996 1325 1046; x_wconf 80' lang='lat' dir='ltr'><strong>prope</strong></span> <span class='ocrx_word' id='word_1_431' title='bbox 1334 987 1416 1033; x_wconf 89' lang='lat' dir='ltr'><strong>astans</strong></span> 
     </span>
     <span class='ocr_line' id='line_1_63' title="bbox 831 1062 1599 1138; baseline 0.021 -29"><span class='ocrx_word' id='word_1_432' title='bbox 831 1062 924 1124; x_wconf 89' lang='lat' dir='ltr'><strong>omnia,</strong></span> <span class='ocrx_word' id='word_1_433' title='bbox 935 1078 1085 1129; x_wconf 67' lang='lat' dir='ltr'><strong>quecunque</strong></span> <span class='ocrx_word' id='word_1_434' title='bbox 1094 1067 1117 1118; x_wconf 89' lang='lat' dir='ltr'><strong>ei</strong></span> <span class='ocrx_word' id='word_1_435' title='bbox 1125 1067 1229 1119; x_wconf 88' lang='lat' dir='ltr'><strong>dilectus</strong></span> <span class='ocrx_word' id='word_1_436' title='bbox 1238 1070 1302 1120; x_wconf 88' lang='lat' dir='ltr'><strong>iilius</strong></span> <span class='ocrx_word' id='word_1_437' title='bbox 1312 1075 1397 1135; x_wconf 79' lang='lat' dir='ltr'><strong>iprum</strong></span> <span class='ocrx_word' id='word_1_438' title='bbox 1404 1073 1510 1134; x_wconf 82' lang='lat' dir='ltr'><strong>jusserat</strong></span> <span class='ocrx_word' id='word_1_439' title='bbox 1518 1073 1599 1138; x_wconf 90' lang='lat' dir='ltr'><strong>loqui,</strong></span> 
     </span>
     <span class='ocr_line' id='line_1_64' title="bbox 832 1156 1414 1220; baseline 0.017 -21"><span class='ocrx_word' id='word_1_440' title='bbox 832 1156 866 1200; x_wconf 83' lang='lat' dir='ltr'><strong>Ac</strong></span> <span class='ocrx_word' id='word_1_441' title='bbox 876 1156 1005 1220; x_wconf 77' lang='lat' dir='ltr'><strong>postquam</strong></span> <span class='ocrx_word' id='word_1_442' title='bbox 1014 1168 1085 1204; x_wconf 88' lang='lat' dir='ltr'><strong>omne</strong></span> <span class='ocrx_word' id='word_1_443' title='bbox 1092 1161 1242 1220; x_wconf 71' lang='lat' dir='ltr'><strong>peeeptum</strong></span> <span class='ocrx_word' id='word_1_444' title='bbox 1250 1159 1414 1220; x_wconf 85' lang='lat' dir='ltr'><strong>renuntiarat,</strong></span> 
     </span>
    </p>
   </div>
   <div class='ocr_carea' id='block_1_5' title="bbox 831 1225 1723 1311">
    <p class='ocr_par' dir='ltr' id='par_1_25' title="bbox 831 1225 1723 1311">
     <span class='ocr_line' id='line_1_65' title="bbox 831 1225 1723 1311; baseline 0.018 -25"><span class='ocrx_word' id='word_1_445' title='bbox 831 1239 1002 1301; x_wconf 80' lang='lat' dir='ltr'><strong>prolectnsesl</strong></span> <span class='ocrx_word' id='word_1_446' title='bbox 1010 1241 1045 1291; x_wconf 84' lang='lat' dir='ltr'><strong>ire</strong></span> <span class='ocrx_word' id='word_1_447' title='bbox 1053 1243 1085 1292; x_wconf 89' lang='lat' dir='ltr'><strong>ad</strong></span> <span class='ocrx_word' id='word_1_448' title='bbox 1094 1256 1152 1293; x_wconf 85' lang='lat' dir='ltr'><strong>suaa</strong></span> <span class='ocrx_word' id='word_1_449' title='bbox 1158 1261 1165 1304; x_wconf 89' lang='lat'>;</span> <span class='ocrx_word' id='word_1_450' title='bbox 1175 1244 1247 1308; x_wconf 85' lang='lat' dir='ltr'><strong>liquit</strong></span> <span class='ocrx_word' id='word_1_451' title='bbox 1256 1250 1337 1296; x_wconf 88' lang='lat' dir='ltr'><strong>autern</strong></span> <span class='ocrx_word' id='word_1_452' title='bbox 1348 1251 1465 1311; x_wconf 83' lang='lat' dir='ltr'><strong>septoque</strong></span> <span class='ocrx_word' id='word_1_453' title='bbox 1473 1253 1497 1299; x_wconf 91' lang='lat' dir='ltr'><strong>et</strong></span> <span class='ocrx_word' id='word_1_454' title='bbox 1506 1249 1614 1300; x_wconf 88' lang='lat' dir='ltr'><strong>domum.</strong></span> <span class='ocrx_word' id='word_1_455' title='bbox 1721 1225 1723 1230; x_wconf 31' lang='lat'><em>⁷</em></span> 
     </span>
    </p>
   </div>
   <div class='ocr_carea' id='block_1_6' title="bbox 826 1328 1632 5248">
    <p class='ocr_par' dir='ltr' id='par_1_26' title="bbox 831 1328 1544 1664">
     <span class='ocr_line' id='line_1_66' title="bbox 864 1328 1510 1398; baseline 0.017 -22"><span class='ocrx_word' id='word_1_456' title='bbox 864 1328 935 1377; x_wconf 86' lang='lat' dir='ltr'><strong>Proci</strong></span> <span class='ocrx_word' id='word_1_457' title='bbox 945 1341 1002 1378; x_wconf 86' lang='lat' dir='ltr'><strong>vero</strong></span> <span class='ocrx_word' id='word_1_458' title='bbox 1011 1329 1179 1393; x_wconf 80' lang='lat' dir='ltr'><strong>tristatisnnt,</strong></span> <span class='ocrx_word' id='word_1_459' title='bbox 1189 1332 1365 1398; x_wconf 63' lang='lat' dir='ltr'><strong>doluernmwe</strong></span> <span class='ocrx_word' id='word_1_460' title='bbox 1375 1336 1401 1384; x_wconf 90' lang='lat' dir='ltr'><strong>in</strong></span> <span class='ocrx_word' id='word_1_461' title='bbox 1412 1337 1492 1386; x_wconf 74' lang='lat' dir='ltr'><strong>ammo</strong></span> <span class='ocrx_word' id='word_1_462' title='bbox 1504 1353 1510 1387; x_wconf 77' lang='grc' dir='ltr'><strong><em>ε</em></strong></span> 
     </span>
     <span class='ocr_line' id='line_1_67' title="bbox 832 1414 1532 1487; baseline 0.016 -23"><span class='ocrx_word' id='word_1_463' title='bbox 832 1414 958 1465; x_wconf 83' lang='lat' dir='ltr'><strong>exiverunt</strong></span> <span class='ocrx_word' id='word_1_464' title='bbox 964 1420 1047 1468; x_wconf 82' lang='lat' dir='ltr'><strong>entem</strong></span> <span class='ocrx_word' id='word_1_465' title='bbox 1055 1418 1128 1468; x_wconf 87' lang='lat' dir='ltr'><strong>domo</strong></span> <span class='ocrx_word' id='word_1_466' title='bbox 1137 1423 1224 1483; x_wconf 73' lang='lat' dir='ltr'><strong>preter</strong></span> <span class='ocrx_word' id='word_1_467' title='bbox 1233 1434 1347 1483; x_wconf 79' lang='lat' dir='ltr'><strong>magnum</strong></span> <span class='ocrx_word' id='word_1_468' title='bbox 1356 1437 1454 1473; x_wconf 89' lang='lat' dir='ltr'><strong>murum</strong></span> <span class='ocrx_word' id='word_1_469' title='bbox 1462 1426 1532 1487; x_wconf 77' lang='lat' dir='ltr'><strong>atrii,</strong></span> 
     </span>
     <span class='ocr_line' id='line_1_68' title="bbox 831 1503 1356 1568; baseline 0.017 -18"><span class='ocrx_word' id='word_1_470' title='bbox 831 1505 903 1566; x_wconf 78' lang='lat' dir='ltr'><strong>etque</strong></span> <span class='ocrx_word' id='word_1_471' title='bbox 913 1503 961 1553; x_wconf 89' lang='lat' dir='ltr'><strong>illio</strong></span> <span class='ocrx_word' id='word_1_472' title='bbox 970 1508 1026 1554; x_wconf 84' lang='lat' dir='ltr'><strong>ante</strong></span> <span class='ocrx_word' id='word_1_473' title='bbox 1033 1506 1119 1568; x_wconf 63' lang='lat' dir='ltr'><strong>ponas</strong></span> <span class='ocrx_word' id='word_1_474' title='bbox 1128 1506 1253 1558; x_wconf 88' lang='lat' dir='ltr'><strong>sedebant.</strong></span> <span class='ocrx_word' id='word_1_475' title='bbox 1353 1518 1356 1526; x_wconf 93' lang='grc'>·</span> 
     </span>
     <span class='ocr_line' id='line_1_69' title="bbox 832 1590 1544 1664; baseline 0.015 -25"><span class='ocrx_word' id='word_1_476' title='bbox 832 1590 876 1639; x_wconf 92' lang='lat' dir='ltr'><strong>llis</strong></span> <span class='ocrx_word' id='word_1_477' title='bbox 883 1602 941 1641; x_wconf 83' lang='lat' dir='ltr'><strong>vero</strong></span> <span class='ocrx_word' id='word_1_478' title='bbox 951 1593 1131 1656; x_wconf 79' lang='lat' dir='ltr'><strong>Eurpuachns,</strong></span> <span class='ocrx_word' id='word_1_479' title='bbox 1141 1594 1226 1658; x_wconf 75' lang='lat' dir='ltr'><strong>Polybi</strong></span> <span class='ocrx_word' id='word_1_480' title='bbox 1234 1596 1312 1658; x_wconf 88' lang='lat' dir='ltr'><strong>lilius,</strong></span> <span class='ocrx_word' id='word_1_481' title='bbox 1320 1597 1450 1662; x_wconf 88' lang='lat' dir='ltr'><strong>incipiebat</strong></span> <span class='ocrx_word' id='word_1_482' title='bbox 1459 1599 1525 1664; x_wconf 77' lang='lat' dir='ltr'><strong>loqrri</strong></span> <span class='ocrx_word' id='word_1_483' title='bbox 1536 1616 1544 1650; x_wconf 89' lang='lat'><strong>:</strong></span> 
     </span>
    </p>

    <p class='ocr_par' dir='ltr' id='par_1_27' title="bbox 830 1679 1613 2095">
     <span class='ocr_line' id='line_1_70' title="bbox 862 1679 1548 1749; baseline 0.016 -22"><span class='ocrx_word' id='word_1_484' title='bbox 862 1679 977 1741; x_wconf 82' lang='lat' dir='ltr'><strong>oannici,</strong></span> <span class='ocrx_word' id='word_1_485' title='bbox 987 1684 1053 1731; x_wconf 87' lang='lat' dir='ltr'><strong>certe</strong></span> <span class='ocrx_word' id='word_1_486' title='bbox 1061 1695 1176 1745; x_wconf 77' lang='lat' dir='ltr'><strong>magnum</strong></span> <span class='ocrx_word' id='word_1_487' title='bbox 1184 1696 1246 1747; x_wconf 91' lang='lat' dir='ltr'><strong>opus</strong></span> <span class='ocrx_word' id='word_1_488' title='bbox 1255 1685 1358 1748; x_wconf 80' lang='lat' dir='ltr'><strong>superbe</strong></span> <span class='ocrx_word' id='word_1_489' title='bbox 1367 1686 1548 1749; x_wconf 79' lang='lat' dir='ltr'><strong>periectnmest</strong></span> 
     </span>
     <span class='ocr_line' id='line_1_71' title="bbox 831 1766 1613 1839; baseline 0.017 -24"><span class='ocrx_word' id='word_1_490' title='bbox 831 1766 988 1829; x_wconf 83' lang='lat' dir='ltr'><strong>Telemacho,</strong></span> <span class='ocrx_word' id='word_1_491' title='bbox 997 1768 1044 1819; x_wconf 89' lang='lat' dir='ltr'><strong>iter</strong></span> <span class='ocrx_word' id='word_1_492' title='bbox 1054 1770 1100 1819; x_wconf 88' lang='lat' dir='ltr'><strong>boc</strong></span> <span class='ocrx_word' id='word_1_493' title='bbox 1111 1785 1117 1819; x_wconf 78' lang='lat' dir='ltr'><strong><em>z</em></strong></span> <span class='ocrx_word' id='word_1_494' title='bbox 1128 1771 1274 1834; x_wconf 85' lang='lat' dir='ltr'><strong>putabamus</strong></span> <span class='ocrx_word' id='word_1_495' title='bbox 1282 1777 1364 1822; x_wconf 87' lang='lat' dir='ltr'><strong>autem</strong></span> <span class='ocrx_word' id='word_1_496' title='bbox 1372 1787 1395 1823; x_wconf 86' lang='lat' dir='ltr'><strong>er</strong></span> <span class='ocrx_word' id='word_1_497' title='bbox 1408 1788 1459 1824; x_wconf 93' lang='lat' dir='ltr'><strong>non</strong></span> <span class='ocrx_word' id='word_1_498' title='bbox 1469 1777 1613 1839; x_wconf 63' lang='lat' dir='ltr'><strong>pmiecmm·</strong></span> 
     </span>
     <span class='ocr_line' id='line_1_72' title="bbox 831 1853 1588 1928; baseline 0.015 -24"><span class='ocrx_word' id='word_1_499' title='bbox 831 1853 880 1918; x_wconf 82' lang='lat' dir='ltr'><strong>iri]</strong></span> <span class='ocrx_word' id='word_1_500' title='bbox 889 1855 1020 1919; x_wconf 69' lang='grc' dir='ltr'>ὅσθοςῖίε,</span> <span class='ocrx_word' id='word_1_501' title='bbox 1032 1869 1118 1908; x_wconf 85' lang='lat' dir='ltr'><strong>navem</strong></span> <span class='ocrx_word' id='word_1_502' title='bbox 1127 1859 1219 1921; x_wconf 77' lang='lat' dir='ltr'><strong>nigrum</strong></span> <span class='ocrx_word' id='word_1_503' title='bbox 1230 1860 1368 1923; x_wconf 75' lang='lat' dir='ltr'><strong>trahamus,</strong></span> <span class='ocrx_word' id='word_1_504' title='bbox 1378 1863 1588 1928; x_wconf 73' lang='lat' dir='ltr'><strong>qnaesttoptima5</strong></span> 
     </span>
     <span class='ocr_line' id='line_1_73' title="bbox 831 1941 1569 2014; baseline 0.016 -23"><span class='ocrx_word' id='word_1_505' title='bbox 831 1941 903 2005; x_wconf 89' lang='lat' dir='ltr'><strong>inque</strong></span> <span class='ocrx_word' id='word_1_506' title='bbox 912 1956 970 1993; x_wconf 82' lang='lat' dir='ltr'><strong>eum</strong></span> <span class='ocrx_word' id='word_1_507' title='bbox 979 1945 1081 2007; x_wconf 82' lang='lat' dir='ltr'><strong>remiges</strong></span> <span class='ocrx_word' id='word_1_508' title='bbox 1090 1946 1196 1996; x_wconf 88' lang='lat' dir='ltr'><strong>marinos</strong></span> <span class='ocrx_word' id='word_1_509' title='bbox 1205 1960 1391 2010; x_wconf 75' lang='lat' dir='ltr'><strong>mngregemus,</strong></span> <span class='ocrx_word' id='word_1_510' title='bbox 1401 1950 1443 2014; x_wconf 87' lang='lat' dir='ltr'><strong>qul</strong></span> <span class='ocrx_word' id='word_1_511' title='bbox 1452 1951 1569 2002; x_wconf 87' lang='lat' dir='ltr'><strong>citissime</strong></span> 
     </span>
     <span class='ocr_line' id='line_1_74' title="bbox 830 2029 1340 2095; baseline 0.012 -16"><span class='ocrx_word' id='word_1_512' title='bbox 830 2029 878 2079; x_wconf 90' lang='lat' dir='ltr'><strong>lilis</strong></span> <span class='ocrx_word' id='word_1_513' title='bbox 888 2032 1078 2095; x_wconf 79' lang='lat' dir='ltr'><strong>nuntientocyns</strong></span> <span class='ocrx_word' id='word_1_514' title='bbox 1087 2033 1224 2084; x_wconf 83' lang='lat' dir='ltr'><strong>utdomnm</strong></span> <span class='ocrx_word' id='word_1_515' title='bbox 1233 2035 1340 2085; x_wconf 78' lang='lat' dir='ltr'><strong>redeant.</strong></span> 
     </span>
    </p>

    <p class='ocr_par' dir='ltr' id='par_1_28' title="bbox 830 2118 1615 2439">
     <span class='ocr_line' id='line_1_75' title="bbox 861 2118 1615 2188; baseline 0.013 -20"><span class='ocrx_word' id='word_1_516' title='bbox 861 2118 974 2169; x_wconf 87' lang='lat' dir='ltr'><strong>Nondum</strong></span> <span class='ocrx_word' id='word_1_517' title='bbox 986 2124 1066 2170; x_wconf 89' lang='lat' dir='ltr'><strong>totum</strong></span> <span class='ocrx_word' id='word_1_518' title='bbox 1075 2121 1243 2184; x_wconf 72' lang='lat' dir='ltr'><strong>diuturnent,</strong></span> <span class='ocrx_word' id='word_1_519' title='bbox 1258 2123 1355 2187; x_wconf 87' lang='lat' dir='ltr'><strong>quando</strong></span> <span class='ocrx_word' id='word_1_520' title='bbox 1368 2125 1543 2188; x_wconf 78' lang='lat' dir='ltr'><strong>Amphinomus</strong></span> <span class='ocrx_word' id='word_1_521' title='bbox 1556 2127 1615 2179; x_wconf 82' lang='lat' dir='ltr'><strong>vidit</strong></span> 
     </span>
     <span class='ocr_line' id='line_1_76' title="bbox 831 2205 1615 2280; baseline 0.015 -26"><span class='ocrx_word' id='word_1_522' title='bbox 831 2205 940 2270; x_wconf 84' lang='lat' dir='ltr'><strong>narem,]</strong></span> <span class='ocrx_word' id='word_1_523' title='bbox 955 2221 1087 2259; x_wconf 82' lang='lat' dir='ltr'><strong>conversus</strong></span> <span class='ocrx_word' id='word_1_524' title='bbox 1100 2222 1132 2259; x_wconf 81' lang='lat' dir='ltr'><strong>ex</strong></span> <span class='ocrx_word' id='word_1_525' title='bbox 1140 2210 1193 2259; x_wconf 91' lang='lat' dir='ltr'><strong>loco</strong></span> <span class='ocrx_word' id='word_1_526' title='bbox 1202 2224 1261 2267; x_wconf 81' lang='lat' dir='ltr'><strong>suo,</strong></span> <span class='ocrx_word' id='word_1_527' title='bbox 1273 2216 1371 2275; x_wconf 89' lang='lat' dir='ltr'><strong>portum</strong></span> <span class='ocrx_word' id='word_1_528' title='bbox 1379 2214 1526 2276; x_wconf 78' lang='lat' dir='ltr'><strong>protundum</strong></span> <span class='ocrx_word' id='word_1_529' title='bbox 1538 2216 1615 2280; x_wconf 88' lang='lat' dir='ltr'><strong>intra,</strong></span> 
     </span>
     <span class='ocr_line' id='line_1_77' title="bbox 830 2295 1506 2362; baseline 0.013 -20"><span class='ocrx_word' id='word_1_530' title='bbox 830 2295 931 2357; x_wconf 76' lang='lat' dir='ltr'><strong>velaque</strong></span> <span class='ocrx_word' id='word_1_531' title='bbox 940 2296 1122 2358; x_wconf 78' lang='lat' dir='ltr'><strong>contrahentes,</strong></span> <span class='ocrx_word' id='word_1_532' title='bbox 1132 2312 1258 2362; x_wconf 89' lang='lat' dir='ltr'><strong>remosque</strong></span> <span class='ocrx_word' id='word_1_533' title='bbox 1268 2300 1379 2350; x_wconf 85' lang='lat' dir='ltr'><strong>manibus</strong></span> <span class='ocrx_word' id='word_1_534' title='bbox 1388 2304 1506 2353; x_wconf 90' lang='lat' dir='ltr'><strong>tenentes.</strong></span> 
     </span>
     <span class='ocr_line' id='line_1_78' title="bbox 830 2381 1529 2439; baseline 0.011 -8"><span class='ocrx_word' id='word_1_535' title='bbox 830 2381 940 2431; x_wconf 79' lang='lat' dir='ltr'><strong>Suaviter</strong></span> <span class='ocrx_word' id='word_1_536' title='bbox 949 2387 1030 2433; x_wconf 90' lang='lat' dir='ltr'><strong>autem</strong></span> <span class='ocrx_word' id='word_1_537' title='bbox 1038 2384 1118 2433; x_wconf 85' lang='lat' dir='ltr'><strong>ridens</strong></span> <span class='ocrx_word' id='word_1_538' title='bbox 1127 2384 1270 2435; x_wconf 80' lang='lat' dir='ltr'><strong>locutusest</strong></span> <span class='ocrx_word' id='word_1_539' title='bbox 1279 2389 1408 2438; x_wconf 85' lang='lat' dir='ltr'><strong>inter-snos</strong></span> <span class='ocrx_word' id='word_1_540' title='bbox 1417 2389 1511 2439; x_wconf 87' lang='lat' dir='ltr'><strong>sodales</strong></span> <span class='ocrx_word' id='word_1_541' title='bbox 1522 2405 1529 2438; x_wconf 76' lang='grc' dir='ltr'><strong>τ</strong></span> 
     </span>
    </p>

    <p class='ocr_par' dir='ltr' id='par_1_29' title="bbox 830 2463 1614 2714">
     <span class='ocr_line' id='line_1_79' title="bbox 865 2463 1614 2539; baseline 0.013 -21"><span class='ocrx_word' id='word_1_542' title='bbox 865 2463 1614 2539; x_wconf 59' lang='lat' dir='ltr'><strong>Neqnemampiiusnuntiumiubeamus-irehienimjumsunt</strong></span> 
     </span>
     <span class='ocr_line' id='line_1_80' title="bbox 830 2555 1583 2627; baseline 0.012 -23"><span class='ocrx_word' id='word_1_543' title='bbox 830 2555 895 2606; x_wconf 86' lang='lat' dir='ltr'><strong>intus</strong></span> <span class='ocrx_word' id='word_1_544' title='bbox 907 2557 924 2619; x_wconf 94' lang='lat'><strong>:]</strong></span> <span class='ocrx_word' id='word_1_545' title='bbox 934 2559 972 2607; x_wconf 84' lang='lat' dir='ltr'><strong>rei</strong></span> <span class='ocrx_word' id='word_1_546' title='bbox 981 2558 1067 2621; x_wconf 87' lang='lat' dir='ltr'><strong>aliquis</strong></span> <span class='ocrx_word' id='word_1_547' title='bbox 1074 2559 1110 2609; x_wconf 90' lang='lat' dir='ltr'><strong>eis</strong></span> <span class='ocrx_word' id='word_1_548' title='bbox 1118 2560 1164 2609; x_wconf 91' lang='lat' dir='ltr'><strong>hoc</strong></span> <span class='ocrx_word' id='word_1_549' title='bbox 1173 2560 1234 2609; x_wconf 81' lang='lat' dir='ltr'><strong>dixit</strong></span> <span class='ocrx_word' id='word_1_550' title='bbox 1243 2560 1357 2622; x_wconf 83' lang='lat' dir='ltr'><strong>deornm,</strong></span> <span class='ocrx_word' id='word_1_551' title='bbox 1366 2562 1406 2611; x_wconf 83' lang='lat' dir='ltr'><strong>vel</strong></span> <span class='ocrx_word' id='word_1_552' title='bbox 1416 2563 1528 2613; x_wconf 84' lang='lat' dir='ltr'><strong>viderunt</strong></span> <span class='ocrx_word' id='word_1_553' title='bbox 1537 2565 1583 2627; x_wconf 90' lang='lat' dir='ltr'><strong>ipsi</strong></span> 
     </span>
     <span class='ocr_line' id='line_1_81' title="bbox 830 2646 1614 2714; baseline 0.013 -23"><span class='ocrx_word' id='word_1_554' title='bbox 830 2656 916 2693; x_wconf 83' lang='lat' dir='ltr'><strong>navem</strong></span> <span class='ocrx_word' id='word_1_555' title='bbox 923 2646 1211 2707; x_wconf 81' lang='lat' dir='ltr'><strong>praetervehentem,eam</strong></span> <span class='ocrx_word' id='word_1_556' title='bbox 1222 2652 1302 2697; x_wconf 89' lang='lat' dir='ltr'><strong>autem</strong></span> <span class='ocrx_word' id='word_1_557' title='bbox 1315 2662 1362 2697; x_wconf 93' lang='lat' dir='ltr'><strong>non</strong></span> <span class='ocrx_word' id='word_1_558' title='bbox 1371 2654 1501 2712; x_wconf 90' lang='lat' dir='ltr'><strong>potnerunt</strong></span> <span class='ocrx_word' id='word_1_559' title='bbox 1510 2653 1614 2714; x_wconf 82' lang='lat' dir='ltr'><strong>sesequi.</strong></span> 
     </span>
    </p>

    <p class='ocr_par' dir='ltr' id='par_1_30' title="bbox 830 2731 1614 2972">
     <span class='ocr_line' id='line_1_82' title="bbox 861 2731 1614 2801; baseline 0.012 -21"><span class='ocrx_word' id='word_1_560' title='bbox 861 2731 902 2780; x_wconf 89' lang='lat' dir='ltr'><strong>Sic</strong></span> <span class='ocrx_word' id='word_1_561' title='bbox 911 2731 972 2781; x_wconf 75' lang='lat' dir='ltr'><strong>dixit</strong></span> <span class='ocrx_word' id='word_1_562' title='bbox 982 2748 987 2780; x_wconf 96' lang='lat'><strong>:</strong></span> <span class='ocrx_word' id='word_1_563' title='bbox 998 2733 1032 2782; x_wconf 92' lang='lat' dir='ltr'><strong>illi</strong></span> <span class='ocrx_word' id='word_1_564' title='bbox 1040 2737 1121 2782; x_wconf 82' lang='lat' dir='ltr'><strong>entem</strong></span> <span class='ocrx_word' id='word_1_565' title='bbox 1129 2733 1315 2795; x_wconf 85' lang='lat' dir='ltr'><strong>nbi-surrexere,</strong></span> <span class='ocrx_word' id='word_1_566' title='bbox 1324 2735 1454 2786; x_wconf 84' lang='lat' dir='ltr'><strong>iveruntsd</strong></span> <span class='ocrx_word' id='word_1_567' title='bbox 1463 2737 1520 2788; x_wconf 88' lang='lat' dir='ltr'><strong>litus</strong></span> <span class='ocrx_word' id='word_1_568' title='bbox 1526 2739 1600 2789; x_wconf 84' lang='lat' dir='ltr'><strong>maria</strong></span> <span class='ocrx_word' id='word_1_569' title='bbox 1606 2756 1614 2801; x_wconf 79' lang='lat' dir='ltr'><strong>i</strong></span> 
     </span>
     <span class='ocr_line' id='line_1_83' title="bbox 830 2821 1457 2886; baseline 0.008 -18"><span class='ocrx_word' id='word_1_570' title='bbox 830 2821 912 2869; x_wconf 88' lang='lat' dir='ltr'><strong>statim</strong></span> <span class='ocrx_word' id='word_1_571' title='bbox 922 2834 980 2870; x_wconf 88' lang='lat' dir='ltr'><strong>vero</strong></span> <span class='ocrx_word' id='word_1_572' title='bbox 988 2834 1076 2870; x_wconf 86' lang='lat' dir='ltr'><strong>navem</strong></span> <span class='ocrx_word' id='word_1_573' title='bbox 1085 2821 1178 2884; x_wconf 77' lang='lat' dir='ltr'><strong>nigram</strong></span> <span class='ocrx_word' id='word_1_574' title='bbox 1188 2822 1213 2871; x_wconf 92' lang='lat' dir='ltr'><strong>in</strong></span> <span class='ocrx_word' id='word_1_575' title='bbox 1221 2826 1309 2872; x_wconf 88' lang='lat' dir='ltr'><strong>terram</strong></span> <span class='ocrx_word' id='word_1_576' title='bbox 1319 2828 1457 2886; x_wconf 83' lang='lat' dir='ltr'><strong>traxerunt,</strong></span> 
     </span>
     <span class='ocr_line' id='line_1_84' title="bbox 830 2907 1475 2972; baseline 0.009 -17"><span class='ocrx_word' id='word_1_577' title='bbox 830 2919 896 2956; x_wconf 91' lang='lat' dir='ltr'><strong>arma</strong></span> <span class='ocrx_word' id='word_1_578' title='bbox 905 2912 987 2957; x_wconf 89' lang='lat' dir='ltr'><strong>autem</strong></span> <span class='ocrx_word' id='word_1_579' title='bbox 997 2907 1057 2971; x_wconf 86' lang='lat' dir='ltr'><strong>ipsis</strong></span> <span class='ocrx_word' id='word_1_580' title='bbox 1066 2914 1198 2959; x_wconf 80' lang='lat' dir='ltr'><strong>avexerunt</strong></span> <span class='ocrx_word' id='word_1_581' title='bbox 1207 2911 1351 2972; x_wconf 79' lang='lat' dir='ltr'><strong>magnanimi</strong></span> <span class='ocrx_word' id='word_1_582' title='bbox 1363 2911 1475 2961; x_wconf 89' lang='lat' dir='ltr'><strong>ministri.</strong></span> 
     </span>
    </p>

    <p class='ocr_par' dir='ltr' id='par_1_31' title="bbox 829 2995 1614 3237">
     <span class='ocr_line' id='line_1_85' title="bbox 830 2995 1614 3062; baseline 0.009 -19"><span class='ocrx_word' id='word_1_583' title='bbox 830 2995 879 3057; x_wconf 85' lang='lat' dir='ltr'><strong>Ipsi</strong></span> <span class='ocrx_word' id='word_1_584' title='bbox 886 3008 944 3045; x_wconf 88' lang='lat' dir='ltr'><strong>vero</strong></span> <span class='ocrx_word' id='word_1_585' title='bbox 953 2996 977 3044; x_wconf 88' lang='lat' dir='ltr'><strong>in</strong></span> <span class='ocrx_word' id='word_1_586' title='bbox 986 2995 1114 3045; x_wconf 89' lang='lat' dir='ltr'><strong>concilium</strong></span> <span class='ocrx_word' id='word_1_587' title='bbox 1121 2997 1216 3046; x_wconf 85' lang='lat' dir='ltr'><strong>iverunt</strong></span> <span class='ocrx_word' id='word_1_588' title='bbox 1223 2996 1336 3059; x_wconf 84' lang='lat' dir='ltr'><strong>conierti,</strong></span> <span class='ocrx_word' id='word_1_589' title='bbox 1345 3012 1390 3048; x_wconf 91' lang='lat' dir='ltr'><strong>nec</strong></span> <span class='ocrx_word' id='word_1_590' title='bbox 1399 3012 1545 3062; x_wconf 81' lang='lat' dir='ltr'><strong>quemquam</strong></span> <span class='ocrx_word' id='word_1_591' title='bbox 1554 3000 1614 3050; x_wconf 87' lang='lat' dir='ltr'><strong>alio·</strong></span> 
     </span>
     <span class='ocr_line' id='line_1_86' title="bbox 829 3081 1561 3147; baseline 0.007 -16"><span class='ocrx_word' id='word_1_592' title='bbox 829 3081 892 3146; x_wconf 90' lang='lat' dir='ltr'><strong>rum]</strong></span> <span class='ocrx_word' id='word_1_593' title='bbox 902 3083 1024 3144; x_wconf 87' lang='lat' dir='ltr'><strong>sinebant,</strong></span> <span class='ocrx_word' id='word_1_594' title='bbox 1034 3096 1078 3133; x_wconf 84' lang='lat' dir='ltr'><strong>nec</strong></span> <span class='ocrx_word' id='word_1_595' title='bbox 1083 3084 1200 3146; x_wconf 84' lang='lat' dir='ltr'><strong>juvenum</strong></span> <span class='ocrx_word' id='word_1_596' title='bbox 1210 3086 1404 3147; x_wconf 78' lang='lat' dir='ltr'><strong>nnsconsidere,</strong></span> <span class='ocrx_word' id='word_1_597' title='bbox 1414 3101 1458 3136; x_wconf 87' lang='lat' dir='ltr'><strong>nec</strong></span> <span class='ocrx_word' id='word_1_598' title='bbox 1467 3101 1561 3136; x_wconf 91' lang='lat' dir='ltr'><strong>senum.</strong></span> 
     </span>
     <span class='ocr_line' id='line_1_87' title="bbox 830 3171 1541 3237; baseline 0.006 -16"><span class='ocrx_word' id='word_1_599' title='bbox 830 3171 947 3221; x_wconf 88' lang='lat' dir='ltr'><strong>Inter-bos</strong></span> <span class='ocrx_word' id='word_1_600' title='bbox 955 3177 1036 3223; x_wconf 86' lang='lat' dir='ltr'><strong>autem</strong></span> <span class='ocrx_word' id='word_1_601' title='bbox 1046 3172 1331 3234; x_wconf 81' lang='lat' dir='ltr'><strong>Antinous‘locntuaest,</strong></span> <span class='ocrx_word' id='word_1_602' title='bbox 1340 3174 1452 3237; x_wconf 84' lang='lat' dir='ltr'><strong>Enpitlrei</strong></span> <span class='ocrx_word' id='word_1_603' title='bbox 1461 3175 1524 3225; x_wconf 87' lang='lat' dir='ltr'><strong>iilius</strong></span> <span class='ocrx_word' id='word_1_604' title='bbox 1534 3191 1541 3224; x_wconf 95' lang='lat'><strong>:</strong></span> 
     </span>
    </p>

    <p class='ocr_par' dir='ltr' id='par_1_32' title="bbox 828 3257 1632 4111">
     <span class='ocr_line' id='line_1_88' title="bbox 860 3257 1469 3312; baseline 0.003 -4"><span class='ocrx_word' id='word_1_605' title='bbox 860 3257 899 3308; x_wconf 89' lang='lat' dir='ltr'><strong>Dii</strong></span> <span class='ocrx_word' id='word_1_606' title='bbox 907 3257 976 3308; x_wconf 90' lang='lat' dir='ltr'><strong>bonii</strong></span> <span class='ocrx_word' id='word_1_607' title='bbox 987 3263 1014 3308; x_wconf 90' lang='lat' dir='ltr'><strong>nt</strong></span> <span class='ocrx_word' id='word_1_608' title='bbox 1022 3259 1089 3308; x_wconf 87' lang='lat' dir='ltr'><strong>hunc</strong></span> <span class='ocrx_word' id='word_1_609' title='bbox 1098 3260 1177 3309; x_wconf 77' lang='lat' dir='ltr'><strong>vnum</strong></span> <span class='ocrx_word' id='word_1_610' title='bbox 1186 3259 1219 3308; x_wconf 89' lang='lat' dir='ltr'><strong>dii</strong></span> <span class='ocrx_word' id='word_1_611' title='bbox 1228 3260 1315 3310; x_wconf 78' lang='lat' dir='ltr'><strong>amolo</strong></span> <span class='ocrx_word' id='word_1_612' title='bbox 1324 3261 1454 3312; x_wconf 87' lang='lat' dir='ltr'><strong>liberarunt</strong></span> <span class='ocrx_word' id='word_1_613' title='bbox 1463 3263 1469 3310; x_wconf 93' lang='lat' dir='ltr'><strong>i</strong></span> 
     </span>
     <span class='ocr_line' id='line_1_89' title="bbox 829 3345 1632 3410; baseline 0.005 -15"><span class='ocrx_word' id='word_1_614' title='bbox 829 3346 874 3395; x_wconf 89' lang='lat' dir='ltr'><strong>Die</strong></span> <span class='ocrx_word' id='word_1_615' title='bbox 882 3345 979 3408; x_wconf 86' lang='lat' dir='ltr'><strong>quidem</strong></span> <span class='ocrx_word' id='word_1_616' title='bbox 990 3347 1150 3410; x_wconf 78' lang='lat' dir='ltr'><strong>speculatores</strong></span> <span class='ocrx_word' id='word_1_617' title='bbox 1159 3347 1274 3398; x_wconf 85' lang='lat' dir='ltr'><strong>sedebant</strong></span> <span class='ocrx_word' id='word_1_618' title='bbox 1283 3347 1307 3396; x_wconf 93' lang='lat' dir='ltr'><strong>in</strong></span> <span class='ocrx_word' id='word_1_619' title='bbox 1318 3349 1482 3399; x_wconf 82' lang='lat' dir='ltr'><strong>cacuminibus</strong></span> <span class='ocrx_word' id='word_1_620' title='bbox 1492 3351 1612 3410; x_wconf 79' lang='lat' dir='ltr'><strong>ventosis,</strong></span> <span class='ocrx_word' id='word_1_621' title='bbox 1623 3355 1632 3379; x_wconf 86' lang='lat'>¹</span> 
     </span>
     <span class='ocr_line' id='line_1_90' title="bbox 830 3433 1559 3498; baseline 0.007 -16"><span class='ocrx_word' id='word_1_622' title='bbox 830 3446 923 3496; x_wconf 88' lang='lat' dir='ltr'><strong>semper</strong></span> <span class='ocrx_word' id='word_1_623' title='bbox 932 3433 1116 3497; x_wconf 57' lang='lat' dir='ltr'><strong>alii-postellum</strong></span> <span class='ocrx_word' id='word_1_624' title='bbox 1127 3434 1199 3484; x_wconf 92' lang='lat' dir='ltr'><strong>simul</strong></span> <span class='ocrx_word' id='word_1_625' title='bbox 1209 3439 1290 3484; x_wconf 82' lang='lat' dir='ltr'><strong>entem</strong></span> <span class='ocrx_word' id='word_1_626' title='bbox 1298 3437 1416 3486; x_wconf 82' lang='lat' dir='ltr'><strong>cumsole</strong></span> <span class='ocrx_word' id='word_1_627' title='bbox 1424 3437 1559 3498; x_wconf 85' lang='lat' dir='ltr'><strong>occidente,</strong></span> 
     </span>
     <span class='ocr_line' id='line_1_91' title="bbox 829 3522 1505 3587; baseline 0.007 -18"><span class='ocrx_word' id='word_1_628' title='bbox 829 3534 951 3583; x_wconf 87' lang='lat' dir='ltr'><strong>nunquam</strong></span> <span class='ocrx_word' id='word_1_629' title='bbox 960 3522 985 3570; x_wconf 92' lang='lat' dir='ltr'><strong>in</strong></span> <span class='ocrx_word' id='word_1_630' title='bbox 996 3527 1069 3571; x_wconf 89' lang='lat' dir='ltr'><strong>terrra</strong></span> <span class='ocrx_word' id='word_1_631' title='bbox 1080 3527 1176 3572; x_wconf 89' lang='lat' dir='ltr'><strong>noctem</strong></span> <span class='ocrx_word' id='word_1_632' title='bbox 1185 3524 1335 3585; x_wconf 81' lang='lat' dir='ltr'><strong>peregimus,</strong></span> <span class='ocrx_word' id='word_1_633' title='bbox 1345 3524 1388 3574; x_wconf 89' lang='lat' dir='ltr'><strong>sed</strong></span> <span class='ocrx_word' id='word_1_634' title='bbox 1397 3525 1422 3572; x_wconf 93' lang='lat' dir='ltr'><strong>in</strong></span> <span class='ocrx_word' id='word_1_635' title='bbox 1430 3529 1505 3587; x_wconf 90' lang='lat' dir='ltr'><strong>ponto</strong></span> 
     </span>
     <span class='ocr_line' id='line_1_92' title="bbox 829 3608 1598 3674; baseline 0.009 -18"><span class='ocrx_word' id='word_1_636' title='bbox 829 3608 885 3658; x_wconf 84' lang='lat' dir='ltr'><strong>navi</strong></span> <span class='ocrx_word' id='word_1_637' title='bbox 893 3609 972 3659; x_wconf 81' lang='lat' dir='ltr'><strong>veloci</strong></span> <span class='ocrx_word' id='word_1_638' title='bbox 982 3609 1134 3671; x_wconf 82' lang='lat' dir='ltr'><strong>navigantes,</strong></span> <span class='ocrx_word' id='word_1_639' title='bbox 1145 3611 1344 3673; x_wconf 82' lang='lat' dir='ltr'><strong>exspectabamus</strong></span> <span class='ocrx_word' id='word_1_640' title='bbox 1354 3616 1470 3661; x_wconf 81' lang='lat' dir='ltr'><strong>Auroram</strong></span> <span class='ocrx_word' id='word_1_641' title='bbox 1479 3611 1598 3674; x_wconf 79' lang='lat' dir='ltr'><strong>divinam,</strong></span> 
     </span>
     <span class='ocr_line' id='line_1_93' title="bbox 829 3679 1473 3761; baseline 0.002 -15"><span class='ocrx_word' id='word_1_642' title='bbox 829 3695 971 3746; x_wconf 86' lang='lat' dir='ltr'><strong>Telemacho</strong></span> <span class='ocrx_word' id='word_1_643' title='bbox 979 3695 1118 3746; x_wconf 87' lang='lat' dir='ltr'><strong>insidiantes</strong></span> <span class='ocrx_word' id='word_1_644' title='bbox 1127 3732 1134 3756; x_wconf 95' lang='lat'><strong>,</strong></span> <span class='ocrx_word' id='word_1_645' title='bbox 1143 3701 1171 3745; x_wconf 91' lang='lat' dir='ltr'><strong>nt</strong></span> <span class='ocrx_word' id='word_1_646' title='bbox 1180 3679 1366 3746; x_wconf 74' lang='lat' dir='ltr'><strong>interficeremus</strong></span> <span class='ocrx_word' id='word_1_647' title='bbox 1376 3704 1473 3761; x_wconf 89' lang='lat' dir='ltr'><strong>captum</strong></span> 
     </span>
     <span class='ocr_line' id='line_1_94' title="bbox 829 3782 1561 3847; baseline 0.007 -15"><span class='ocrx_word' id='word_1_648' title='bbox 829 3784 908 3847; x_wconf 89' lang='lat' dir='ltr'><strong>ipsum</strong></span> <span class='ocrx_word' id='word_1_649' title='bbox 918 3801 924 3833; x_wconf 79' lang='grc' dir='ltr'>ι</span> <span class='ocrx_word' id='word_1_650' title='bbox 935 3785 1000 3833; x_wconf 90' lang='lat' dir='ltr'><strong>bunc</strong></span> <span class='ocrx_word' id='word_1_651' title='bbox 1010 3788 1091 3833; x_wconf 87' lang='lat' dir='ltr'><strong>antem</strong></span> <span class='ocrx_word' id='word_1_652' title='bbox 1101 3788 1158 3832; x_wconf 89' lang='lat' dir='ltr'><strong>tunc</strong></span> <span class='ocrx_word' id='word_1_653' title='bbox 1167 3782 1264 3845; x_wconf 87' lang='lat' dir='ltr'><strong>quidem</strong></span> <span class='ocrx_word' id='word_1_654' title='bbox 1273 3783 1374 3832; x_wconf 81' lang='lat' dir='ltr'><strong>abduxit</strong></span> <span class='ocrx_word' id='word_1_655' title='bbox 1384 3785 1482 3834; x_wconf 90' lang='lat' dir='ltr'><strong>domum</strong></span> <span class='ocrx_word' id='word_1_656' title='bbox 1492 3786 1561 3837; x_wconf 90' lang='lat' dir='ltr'><strong>deus.</strong></span> 
     </span>
     <span class='ocr_line' id='line_1_95' title="bbox 829 3869 1450 3932; baseline -0.002 -12"><span class='ocrx_word' id='word_1_657' title='bbox 829 3874 878 3920; x_wconf 83' lang='lat' dir='ltr'><strong>Nos</strong></span> <span class='ocrx_word' id='word_1_658' title='bbox 887 3884 944 3921; x_wconf 78' lang='lat' dir='ltr'><strong>vero</strong></span> <span class='ocrx_word' id='word_1_659' title='bbox 953 3870 993 3920; x_wconf 85' lang='lat' dir='ltr'><strong>iric</strong></span> <span class='ocrx_word' id='word_1_660' title='bbox 1001 3870 1022 3919; x_wconf 92' lang='lat' dir='ltr'><strong>ei</strong></span> <span class='ocrx_word' id='word_1_661' title='bbox 1032 3869 1196 3920; x_wconf 87' lang='lat' dir='ltr'><strong>consultemus</strong></span> <span class='ocrx_word' id='word_1_662' title='bbox 1205 3883 1302 3932; x_wconf 82' lang='lat' dir='ltr'><strong>gravem</strong></span> <span class='ocrx_word' id='word_1_663' title='bbox 1311 3871 1450 3931; x_wconf 87' lang='lat' dir='ltr'><strong>interitum,</strong></span> 
     </span>
     <span class='ocr_line' id='line_1_96' title="bbox 829 3958 1519 4022; baseline -0.001 -13"><span class='ocrx_word' id='word_1_664' title='bbox 829 3959 985 4020; x_wconf 80' lang='lat' dir='ltr'><strong>Telemach03</strong></span> <span class='ocrx_word' id='word_1_665' title='bbox 995 3971 1126 4022; x_wconf 85' lang='lat' dir='ltr'><strong>nequenos</strong></span> <span class='ocrx_word' id='word_1_666' title='bbox 1136 3958 1293 4020; x_wconf 77' lang='lat' dir='ltr'><strong>subterfugiat</strong></span> <span class='ocrx_word' id='word_1_667' title='bbox 1303 3975 1309 4008; x_wconf 91' lang='lat'>:</span> <span class='ocrx_word' id='word_1_668' title='bbox 1319 3959 1437 4008; x_wconf 90' lang='lat' dir='ltr'><strong>nonenim</strong></span> <span class='ocrx_word' id='word_1_669' title='bbox 1447 3964 1519 4022; x_wconf 90' lang='lat' dir='ltr'><strong>puto,</strong></span> 
     </span>
     <span class='ocr_line' id='line_1_97' title="bbox 828 4044 1416 4111; baseline -0.005 -13"><span class='ocrx_word' id='word_1_670' title='bbox 828 4062 858 4099; x_wconf 88' lang='lat' dir='ltr'><strong>eo</strong></span> <span class='ocrx_word' id='word_1_671' title='bbox 866 4048 964 4111; x_wconf 88' lang='lat' dir='ltr'><strong>quidem</strong></span> <span class='ocrx_word' id='word_1_672' title='bbox 973 4048 1082 4106; x_wconf 82' lang='lat' dir='ltr'><strong>vivente,</strong></span> <span class='ocrx_word' id='word_1_673' title='bbox 1092 4045 1264 4111; x_wconf 85' lang='lat' dir='ltr'><strong>perlectum-iri</strong></span> <span class='ocrx_word' id='word_1_674' title='bbox 1274 4044 1326 4100; x_wconf 75' lang='lat' dir='ltr'><strong>lraec</strong></span> <span class='ocrx_word' id='word_1_675' title='bbox 1336 4060 1416 4110; x_wconf 86' lang='lat' dir='ltr'><strong>opera.</strong></span> 
     </span>
    </p>

    <p class='ocr_par' dir='ltr' id='par_1_33' title="bbox 828 4135 1408 4200">
     <span class='ocr_line' id='line_1_98' title="bbox 828 4135 1408 4200; baseline -0.009 -13"><span class='ocrx_word' id='word_1_676' title='bbox 828 4140 883 4200; x_wconf 90' lang='lat' dir='ltr'><strong>Ipse</strong></span> <span class='ocrx_word' id='word_1_677' title='bbox 891 4137 955 4187; x_wconf 89' lang='lat' dir='ltr'><strong>enim</strong></span> <span class='ocrx_word' id='word_1_678' title='bbox 964 4136 1055 4200; x_wconf 86' lang='lat' dir='ltr'><strong>peritus</strong></span> <span class='ocrx_word' id='word_1_679' title='bbox 1063 4138 1100 4185; x_wconf 86' lang='lat' dir='ltr'><strong>est</strong></span> <span class='ocrx_word' id='word_1_680' title='bbox 1108 4135 1254 4198; x_wconf 87' lang='lat' dir='ltr'><strong>consilioque</strong></span> <span class='ocrx_word' id='word_1_681' title='bbox 1263 4139 1391 4198; x_wconf 84' lang='lat' dir='ltr'><strong>menteque</strong></span> <span class='ocrx_word' id='word_1_682' title='bbox 1402 4150 1408 4182; x_wconf 88' lang='lat'>:</span> 
     </span>
    </p>

    <p class='ocr_par' dir='ltr' id='par_1_34' title="bbox 828 4222 1515 4286">
     <span class='ocr_line' id='line_1_99' title="bbox 828 4222 1515 4286; baseline -0.004 -13"><span class='ocrx_word' id='word_1_683' title='bbox 828 4225 892 4274; x_wconf 84' lang='lat' dir='ltr'><strong>cives</strong></span> <span class='ocrx_word' id='word_1_684' title='bbox 902 4229 981 4273; x_wconf 83' lang='grc' dir='ltr'>ουιοιιι</span> <span class='ocrx_word' id='word_1_685' title='bbox 991 4223 1152 4286; x_wconf 87' lang='lat' dir='ltr'><strong>non-amplius</strong></span> <span class='ocrx_word' id='word_1_686' title='bbox 1160 4223 1258 4272; x_wconf 88' lang='lat' dir='ltr'><strong>omnino</strong></span> <span class='ocrx_word' id='word_1_687' title='bbox 1267 4222 1336 4272; x_wconf 89' lang='lat' dir='ltr'><strong>nobis</strong></span> <span class='ocrx_word' id='word_1_688' title='bbox 1346 4222 1515 4284; x_wconf 80' lang='lat' dir='ltr'><strong>gratificantur.</strong></span> 
     </span>
    </p>

    <p class='ocr_par' dir='ltr' id='par_1_35' title="bbox 827 4310 1608 4549">
     <span class='ocr_line' id='line_1_100' title="bbox 829 4310 1414 4374; baseline -0.009 -11"><span class='ocrx_word' id='word_1_689' title='bbox 829 4312 877 4363; x_wconf 88' lang='lat' dir='ltr'><strong>Sed</strong></span> <span class='ocrx_word' id='word_1_690' title='bbox 885 4313 960 4374; x_wconf 79' lang='lat' dir='ltr'><strong>regite,</strong></span> <span class='ocrx_word' id='word_1_691' title='bbox 969 4316 1097 4374; x_wconf 86' lang='lat' dir='ltr'><strong>antequam</strong></span> <span class='ocrx_word' id='word_1_692' title='bbox 1106 4311 1146 4360; x_wconf 90' lang='lat' dir='ltr'><strong>iile</strong></span> <span class='ocrx_word' id='word_1_693' title='bbox 1155 4310 1302 4373; x_wconf 74' lang='lat' dir='ltr'><strong>congregarit</strong></span> <span class='ocrx_word' id='word_1_694' title='bbox 1311 4310 1414 4361; x_wconf 82' lang='lat' dir='ltr'><strong>Achivos</strong></span> 
     </span>
     <span class='ocr_line' id='line_1_101' title="bbox 828 4397 1608 4462; baseline -0.005 -12"><span class='ocrx_word' id='word_1_695' title='bbox 828 4400 1165 4462; x_wconf 75' lang='lat' dir='ltr'><strong>inconcionem3(neqnaqnam</strong></span> <span class='ocrx_word' id='word_1_696' title='bbox 1170 4397 1233 4448; x_wconf 77' lang='lat' dir='ltr'><strong>enin</strong></span> <span class='ocrx_word' id='word_1_697' title='bbox 1238 4397 1453 4448; x_wconf 85' lang='lat' dir='ltr'><strong>remisseactnrnm</strong></span> <span class='ocrx_word' id='word_1_698' title='bbox 1459 4397 1536 4459; x_wconf 89' lang='lat' dir='ltr'><strong>ipsum</strong></span> <span class='ocrx_word' id='word_1_699' title='bbox 1541 4401 1608 4459; x_wconf 87' lang='lat' dir='ltr'><strong>puto,</strong></span> 
     </span>
     <span class='ocr_line' id='line_1_102' title="bbox 827 4486 1499 4549; baseline -0.007 -10"><span class='ocrx_word' id='word_1_700' title='bbox 827 4488 871 4539; x_wconf 92' lang='lat' dir='ltr'><strong>sed</strong></span> <span class='ocrx_word' id='word_1_701' title='bbox 880 4487 1051 4547; x_wconf 84' lang='lat' dir='ltr'><strong>iram-iovebit‚</strong></span> <span class='ocrx_word' id='word_1_702' title='bbox 1061 4486 1172 4549; x_wconf 82' lang='lat' dir='ltr'><strong>dicetque</strong></span> <span class='ocrx_word' id='word_1_703' title='bbox 1181 4487 1242 4536; x_wconf 86' lang='lat' dir='ltr'><strong>inter</strong></span> <span class='ocrx_word' id='word_1_704' title='bbox 1251 4498 1348 4545; x_wconf 90' lang='lat' dir='ltr'><strong>omnes,</strong></span> <span class='ocrx_word' id='word_1_705' title='bbox 1359 4498 1499 4547; x_wconf 80' lang='lat' dir='ltr'><strong>exsurgens,</strong></span> 
     </span>
    </p>

    <p class='ocr_par' dir='ltr' id='par_1_36' title="bbox 827 4573 1607 4724">
     <span class='ocr_line' id='line_1_103' title="bbox 827 4573 1607 4638; baseline -0.006 -13"><span class='ocrx_word' id='word_1_706' title='bbox 827 4575 893 4638; x_wconf 80' lang='lat' dir='ltr'><strong>qood</strong></span> <span class='ocrx_word' id='word_1_707' title='bbox 902 4575 924 4625; x_wconf 91' lang='lat' dir='ltr'><strong>ei</strong></span> <span class='ocrx_word' id='word_1_708' title='bbox 933 4574 1023 4626; x_wconf 79' lang='lat' dir='ltr'><strong>caedem</strong></span> <span class='ocrx_word' id='word_1_709' title='bbox 1031 4587 1128 4637; x_wconf 79' lang='lat' dir='ltr'><strong>gravem</strong></span> <span class='ocrx_word' id='word_1_710' title='bbox 1136 4573 1297 4633; x_wconf 88' lang='lat' dir='ltr'><strong>struebamus,</strong></span> <span class='ocrx_word' id='word_1_711' title='bbox 1306 4585 1383 4634; x_wconf 87' lang='lat' dir='ltr'><strong>neque</strong></span> <span class='ocrx_word' id='word_1_712' title='bbox 1390 4573 1589 4622; x_wconf 86' lang='lat' dir='ltr'><strong>assecuti-sumus</strong></span> <span class='ocrx_word' id='word_1_713' title='bbox 1600 4585 1607 4619; x_wconf 91' lang='lat'><strong>:</strong></span> 
     </span>
     <span class='ocr_line' id='line_1_104' title="bbox 827 4659 1445 4724; baseline -0.01 -11"><span class='ocrx_word' id='word_1_714' title='bbox 827 4663 861 4714; x_wconf 90' lang='lat' dir='ltr'><strong>iili</strong></span> <span class='ocrx_word' id='word_1_715' title='bbox 870 4668 950 4714; x_wconf 87' lang='lat' dir='ltr'><strong>autem</strong></span> <span class='ocrx_word' id='word_1_716' title='bbox 959 4669 1007 4712; x_wconf 84' lang='lat' dir='ltr'><strong>non</strong></span> <span class='ocrx_word' id='word_1_717' title='bbox 1016 4661 1146 4712; x_wconf 88' lang='lat' dir='ltr'><strong>laudabunt</strong></span> <span class='ocrx_word' id='word_1_718' title='bbox 1155 4661 1278 4710; x_wconf 90' lang='lat' dir='ltr'><strong>audientes</strong></span> <span class='ocrx_word' id='word_1_719' title='bbox 1288 4659 1429 4724; x_wconf 85' lang='lat' dir='ltr'><strong>malaopera</strong></span> <span class='ocrx_word' id='word_1_720' title='bbox 1439 4674 1445 4707; x_wconf 80' lang='grc' dir='ltr'>ι</span> 
     </span>
    </p>

    <p class='ocr_par' dir='ltr' id='par_1_37' title="bbox 828 4747 1499 4815">
     <span class='ocr_line' id='line_1_105' title="bbox 828 4747 1499 4815; baseline -0.009 -14"><span class='ocrx_word' id='word_1_721' title='bbox 828 4754 973 4815; x_wconf 77' lang='grc' dir='ltr'>οιεευοφιιε,</span> <span class='ocrx_word' id='word_1_722' title='bbox 986 4749 1089 4812; x_wconf 62' lang='lat' dir='ltr'><strong>nequod</strong></span> <span class='ocrx_word' id='word_1_723' title='bbox 1097 4749 1187 4798; x_wconf 84' lang='lat' dir='ltr'><strong>malum</strong></span> <span class='ocrx_word' id='word_1_724' title='bbox 1197 4748 1283 4797; x_wconf 82' lang='lat' dir='ltr'><strong>inciam</strong></span> <span class='ocrx_word' id='word_1_725' title='bbox 1291 4753 1315 4797; x_wconf 93' lang='lat' dir='ltr'><strong>et</strong></span> <span class='ocrx_word' id='word_1_726' title='bbox 1325 4761 1369 4796; x_wconf 87' lang='lat' dir='ltr'><strong>nos</strong></span> <span class='ocrx_word' id='word_1_727' title='bbox 1378 4747 1499 4810; x_wconf 87' lang='lat' dir='ltr'><strong>expellant</strong></span> 
     </span>
    </p>

    <p class='ocr_par' dir='ltr' id='par_1_38' title="bbox 827 4834 1413 4899">
     <span class='ocr_line' id='line_1_106' title="bbox 827 4834 1413 4899; baseline -0.01 -10"><span class='ocrx_word' id='word_1_728' title='bbox 827 4844 890 4889; x_wconf 86' lang='lat' dir='ltr'><strong>terra</strong></span> <span class='ocrx_word' id='word_1_729' title='bbox 898 4842 993 4898; x_wconf 88' lang='lat' dir='ltr'><strong>nostra,</strong></span> <span class='ocrx_word' id='word_1_730' title='bbox 1003 4837 1076 4887; x_wconf 89' lang='lat' dir='ltr'><strong>alium</strong></span> <span class='ocrx_word' id='word_1_731' title='bbox 1085 4849 1142 4886; x_wconf 80' lang='lat' dir='ltr'><strong>uero</strong></span> <span class='ocrx_word' id='word_1_732' title='bbox 1151 4835 1266 4886; x_wconf 74' lang='lat' dir='ltr'><strong>adeamus</strong></span> <span class='ocrx_word' id='word_1_733' title='bbox 1275 4834 1413 4899; x_wconf 66' lang='lat' dir='ltr'><strong>populum)</strong></span> 
     </span>
    </p>

    <p class='ocr_par' dir='ltr' id='par_1_39' title="bbox 826 4916 1605 5248">
     <span class='ocr_line' id='line_1_107' title="bbox 827 4916 1605 4989; baseline -0.009 -13"><span class='ocrx_word' id='word_1_734' title='bbox 827 4926 870 4976; x_wconf 90' lang='lat' dir='ltr'><strong>sed</strong></span> <span class='ocrx_word' id='word_1_735' title='bbox 879 4930 1052 4989; x_wconf 80' lang='lat' dir='ltr'><strong>praevertamns</strong></span> <span class='ocrx_word' id='word_1_736' title='bbox 1060 4936 1119 4973; x_wconf 81' lang='lat' dir='ltr'><strong>eum</strong></span> <span class='ocrx_word' id='word_1_737' title='bbox 1128 4919 1289 4971; x_wconf 84' lang='lat' dir='ltr'><strong>interficiendo</strong></span> <span class='ocrx_word' id='word_1_738' title='bbox 1298 4919 1322 4969; x_wconf 91' lang='lat' dir='ltr'><strong>in</strong></span> <span class='ocrx_word' id='word_1_739' title='bbox 1336 4932 1392 4982; x_wconf 81' lang='lat' dir='ltr'><strong>agro</strong></span> <span class='ocrx_word' id='word_1_740' title='bbox 1401 4919 1483 4981; x_wconf 87' lang='lat' dir='ltr'><strong>procul</strong></span> <span class='ocrx_word' id='word_1_741' title='bbox 1493 4916 1605 4981; x_wconf 76' lang='lat' dir='ltr'><strong>obnube,</strong></span> 
     </span>
     <span class='ocr_line' id='line_1_108' title="bbox 827 5006 1573 5074; baseline -0.007 -13"><span class='ocrx_word' id='word_1_742' title='bbox 827 5015 865 5064; x_wconf 82' lang='lat' dir='ltr'><strong>vei</strong></span> <span class='ocrx_word' id='word_1_743' title='bbox 877 5014 902 5062; x_wconf 93' lang='lat' dir='ltr'><strong>in</strong></span> <span class='ocrx_word' id='word_1_744' title='bbox 911 5013 951 5062; x_wconf 83' lang='lat' dir='ltr'><strong>ris</strong></span> <span class='ocrx_word' id='word_1_745' title='bbox 961 5028 967 5060; x_wconf 92' lang='lat'><strong>:</strong></span> <span class='ocrx_word' id='word_1_746' title='bbox 978 5012 1068 5061; x_wconf 86' lang='lat' dir='ltr'><strong>rictum</strong></span> <span class='ocrx_word' id='word_1_747' title='bbox 1078 5015 1158 5061; x_wconf 83' lang='lat' dir='ltr'><strong>sutem</strong></span> <span class='ocrx_word' id='word_1_748' title='bbox 1165 5008 1212 5072; x_wconf 89' lang='lat' dir='ltr'><strong>ipsi</strong></span> <span class='ocrx_word' id='word_1_749' title='bbox 1220 5011 1245 5058; x_wconf 90' lang='lat' dir='ltr'><strong>et</strong></span> <span class='ocrx_word' id='word_1_750' title='bbox 1253 5006 1418 5074; x_wconf 87' lang='lat' dir='ltr'><strong>possessiones</strong></span> <span class='ocrx_word' id='word_1_751' title='bbox 1426 5006 1573 5067; x_wconf 80' lang='lat' dir='ltr'><strong>habeamus,</strong></span> 
     </span>
     <span class='ocr_line' id='line_1_109' title="bbox 826 5094 1434 5160; baseline -0.008 -12"><span class='ocrx_word' id='word_1_752' title='bbox 826 5098 916 5148; x_wconf 81' lang='lat' dir='ltr'><strong>divisos</strong></span> <span class='ocrx_word' id='word_1_753' title='bbox 925 5097 1049 5160; x_wconf 81' lang='lat' dir='ltr'><strong>aequaliter</strong></span> <span class='ocrx_word' id='word_1_754' title='bbox 1058 5096 1120 5146; x_wconf 91' lang='lat' dir='ltr'><strong>inter</strong></span> <span class='ocrx_word' id='word_1_755' title='bbox 1128 5108 1186 5156; x_wconf 89' lang='lat' dir='ltr'><strong>nos;</strong></span> <span class='ocrx_word' id='word_1_756' title='bbox 1196 5095 1262 5144; x_wconf 71' lang='lat' dir='ltr'><strong>aedes</strong></span> <span class='ocrx_word' id='word_1_757' title='bbox 1270 5108 1328 5144; x_wconf 81' lang='lat' dir='ltr'><strong>vero</strong></span> <span class='ocrx_word' id='word_1_758' title='bbox 1337 5094 1434 5145; x_wconf 90' lang='lat' dir='ltr'><strong>demum</strong></span> 
     </span>
     <span class='ocr_line' id='line_1_110' title="bbox 826 5181 1602 5248; baseline -0.013 -10"><span class='ocrx_word' id='word_1_759' title='bbox 826 5184 1287 5238; x_wconf 82' lang='lat' dir='ltr'><strong>ssliusmatridederimushabendasetet</strong></span> <span class='ocrx_word' id='word_1_760' title='bbox 1294 5181 1602 5248; x_wconf 82' lang='lat' dir='ltr'><strong>quicunqneecmduaerit.</strong></span> 
     </span>
    </p>
   </div>
   <div class='ocr_carea' id='block_1_7' title="bbox 0 0 1790 5932">
    <p class='ocr_par' dir='ltr' id='par_1_40' title="bbox 0 0 1790 5932">
     <span class='ocr_line' id='line_1_111' title="bbox 0 0 1790 5932; baseline 0 1"><span class='ocrx_word' id='word_1_761' title='bbox 0 0 1790 5932; x_wconf 95' lang='lat' dir='ltr'><strong> </strong></span> 
     </span>
    </p>
   </div>
  </div>
 </body>
</html>
