3570 5932
139 417 195 466 οπο
372 401 621 464 omilim
645 405 681 464 T.

189 533 274 612 έμπης
283 556 328 612 μοι
337 541 419 613 τοῖχοι
429 531 550 614 μεγάρων
559 530 640 591 καλαί
647 556 676 591 τε
686 531 815 612 μεσόδμαι

189 620 353 681 εἰλατιναίτε
362 621 432 680 δοκοί
441 619 487 679 καί
495 619 577 689 κίονες
587 619 661 700 θψόσ’
672 619 774 700 ἔχοντες

149 819 176 858 ⁴⁰
188 709 344 858 ρρρίνονάόρ
327 710 453 790 ρθαλμοῖς
461 708 519 776 set
527 706 608 817 πυρὸς
619 706 773 819 αἰθομένοιο.

237 797 309 874 μαλα
317 820 356 863 τις
365 795 419 862 θεὸς
429 794 471 854 ἔνδ
457 797 510 867 δον,
520 795 581 854 οί’
556 793 664 875 ουρανθν
674 793 749 876 aspir
760 795 872 875 ἔχουσιν.

227 883 281 944 Τὸν
291 881 558 962 δ’ἀπαμειόόμενοςπ
560 881 650 964 ροςέρη
660 881 807 961 πολύμητις
818 883 913 942 Ὀδυσ·

189 971 250 1050 σίγα
259 970 304 1030 καί
313 969 417 1031 κατθ
393 992 437 1029 σον
446 968 503 1029 νόον
513 967 606 1049 ίσχανε
616 969 677 1048 μηδ’
688 968 791 1053 ἐρέεινε·
834 968 913 1048 [σεός

189 1031 256 1130 σθ’τη
265 1081 305 1117 τοι
315 1058 373 1132 δίκη
384 1056 439 1117 ἐστὶ
449 1061 523 1130 θεῶν,
533 1052 578 1116 ot
580 1060 709 1136 Ολυμπον
720 1056 831 1137 ἔχουσιν.

189 1144 302 1207 Ἀλλά
277 1170 308 1205 συ
319 1145 366 1225 ptr
376 1143 525 1214 κατάλεξαι·
536 1143 588 1224 ἐγω
598 1146 619 1203 δ
630 1144 847 1226 θπολείψομαι’
815 1148 912 1215 αυτοῦ,

151 1254 178 1293 ιε
192 1232 342 1315 όρρακ’έτι
351 1231 440 1312 δμωδς
449 1231 606 1313 καὶμητέρα
617 1231 665 1303 σὴν
675 1230 787 1313 ἐρεθίζω·

189 1331 205 1397 ἡ
216 1325 244 1385 δέ
255 1329 282 1404 μ’
292 1323 435 1407 ὀδυρομένη
445 1323 577 1406 εἰρήσεται
588 1323 670 1406 appi<
679 1324 789 1382 ἕκαστα.

227 1411 277 1480 Ὣς
286 1411 361 1494 ιράτο·
371 1411 530 1491 Τηλέμαχος
540 1410 567 1470 δθ
578 1413 610 1470 δι’
623 1415 652 1470 ἐκ
673 1411 797 1492 μεγάροιο
808 1409 915 1490 setim

188 1500 264 1559 κείων
274 1504 299 1568 ές
308 1499 435 1578 θάλαμον,
446 1496 540 1558 δαΐδων
551 1498 602 1558 θπο
610 1498 816 1577 λαμπομενάων,

189 1587 249 1646 ἔνθα
258 1588 339 1670 πάρος
348 1588 460 1666 κοιμᾶθ’,
470 1586 513 1646 ότε
522 1611 567 1666 μιν
575 1586 669 1665 γλυκὺς
679 1586 756 1654 imo<
765 1585 857 1644 ἱκάνοι·

151 1697 176 1736 so
190 1675 239 1735 ἔνθ’
249 1676 300 1757 ἄρα
309 1675 355 1734 καί
364 1674 416 1734 τότ’
427 1673 516 1734 ἔλεκτο
525 1674 569 1733 καί
580 1674 636 1733 Ἠῶ
647 1675 703 1732 δῖαν
714 1672 829 1750 ἔμιμνεν.

190 1762 280 1845 Αὐτὰρ
291 1766 341 1822 δέν
351 1761 458 1844 μεγάρῳ
468 1761 621 1820 ὑπελείπετο
631 1763 684 1828 διος
695 1759 849 1832 Ὀδυσσεὺς,

189 1851 366 1930 μνηστήρεσσι
375 1849 450 1932 ρόνον
461 1847 507 1907 σθν
519 1847 609 1927 Ἀθήνῃ
622 1846 797 1930 μερμηρίζων.

230 1938 264 1997 Ἡ
274 1939 296 1996 δ’
306 1936 344 1995 ίεν
354 1940 384 1995 έκ
394 1935 522 2012 θαλάμοιο
531 1934 662 2016 περίφρων
673 1933 856 2007 Πηνελόπεια,

188 2023 318 2105 Ἀρτέμιδι
327 2023 401 2095 ἰκέλη
411 2021 442 2094 ἠὲ
451 2023 550 2103 χρυσέη
561 2022 707 2104 Ἀφροδίτη.

151 2133 177 2170 ns
189 2114 232 2192 Τῇ
242 2108 314 2193 παρὰ
325 2110 372 2188 μὲν
382 2109 484 2181 κλισίην
493 2109 556 2190 πυρί
565 2108 703 2180 κάτθεσαν,
715 2107 812 2190 ένθ’ἅρ’
823 2106 916 2188 ἔριζεν,

191 2197 300 2269 δινωτὴν
310 2196 429 2278 ἐλέφαντι
438 2195 484 2255 καί
495 2195 609 2278 ἀργύρῳ·
619 2195 650 2268 ἥν
660 2219 723 2256 ποτε
732 2194 829 2254 τέκτων

191 2285 280 2356 ποίησ’
290 2285 434 2363 Ἰκμάλιος,
444 2284 489 2343 καί
500 2283 551 2342 666
560 2289 653 2366 θρῆνυν
661 2284 736 2342 ποσίν
746 2275 818 2355 ἧκεν,

190 2371 309 2454 προςρυέ
321 2371 347 2442 ἐξ
357 2375 449 2445 αὐτῆς,
458 2370 495 2430 ὅθ’
505 2371 548 2430 ἐπὶ
558 2370 627 2450 μέγα
639 2371 749 2451 βάλλετο
759 2374 837 2437 κῶας.

191 2457 276 2521 Ἔνθα
285 2460 398 2529 καθέζετ’
409 2459 499 2519 ἔπειτα
507 2459 639 2541 περίρρων
650 2458 826 2531 Πηνελόπεια.

152 2571 179 2609 oc
191 2541 289 2611 Ἦλθον
300 2547 327 2608 δὲ
337 2547 424 2627 δμωαί
432 2546 588 2608 λευκώλενοι
598 2549 628 2607 έκ
638 2545 770 2628 μεγάροιο.

193 2641 228 2698 it
238 2637 260 2696 6
270 2636 322 2695 ιἰπδ
333 2633 417 2714 μὲν
390 2659 460 2694 σιτον
470 2633 595 2716 πολθνῇρ
595 2656 637 2693 εον
646 2632 734 2716 stip
702 2658 718 2691 τ
735 2630 787 2692 απέ
787 2637 832 2702 ζας

192 2725 261 2785 καὶδ
247 2723 326 2797 δέπα,
337 2724 434 2783 ἔνθεν’
417 2748 450 2805 αρ
450 2722 515 2783 ’άνδ
517 2727 615 2804 ρεςθπε
617 2720 763 2804 μενίοντες
773 2720 867 2779 ἔπινον

192 2820 245 2896 πῦρ
258 2813 305 2871 δ”
291 2835 343 2871 απο
330 2746 531 2892 λαμπτήρωνρ
533 2809 649 2890 χαμάδις
628 2809 752 2889 ιςβέλον·
747 2807 866 2867 ·ἄλλαδ’
877 2802 918 2862 ἐπ’

192 2901 292 2974 νήησαν
301 2899 363 2968 ξόλα
373 2896 510 2958 πολλθ’
460 2921 573 2980 ,ροως
554 2896 622 2955 ἔμεν’
627 2894 674 2966 ἠδὲ
683 2895 727 2974 θέρ
728 2899 811 2952 εσθαι.
819 2893 919 2970 [αὐτῶν

154 3011 180 3048 ss
194 2990 259 3048 ‘ils’
269 2986 376 3058 Ὀδυσῆ’
387 2985 501 3046 ένένιπτε
510 2972 854 3063 Μελανθὼδεύτεροναυτις

253 3076 334 3150 Ξεῖν’,
344 3073 381 3133 ἔτι
391 3073 476 3132 aet*
446 3097 490 3131 νυν
501 3070 585 3131 ἐνθάδ’
596 3069 710 3140 ἀνιησεις
719 3066 799 3127 διθ’
771 3090 852 3125 νυκτα

196 3153 827 3235 δινεόωνκατὰοἶκον,όπιπτεόσειςδὲγυναῑκας;

196 3254 254 3310 ἀλλ
264 3250 347 3318 ἔξελθε
357 3248 437 3330 θόραζ
423 3247 565 3319 ζε,τάλαν,
575 3245 620 3304 καί
630 3244 716 3311 δαιτὸς
724 3242 810 3314 όνησο·

196 3338 293 3417 ἦτάγα
303 3359 348 3395 και
338 3337 429 3393 δαλῶ
441 3334 600 3413 βεόλημένος
609 3324 677 3398 siqua
687 3329 780 3411 θόραε
735 3335 788 3398 αε.ζ

157 3449 183 3485 76
234 3425 292 3495 Τὴν
302 3423 346 3482 δ’
330 3447 362 3504 αρ
363 3394 441 3480 '6666
458 3420 541 3478 αἰδὼν
552 3418 663 3500 προςέρη
674 3415 817 3492 πολύμητις
823 3417 921 3474 Ὀδυσ-

197 3509 365 3589 δαιμονίη,
340 3535 365 3566 τι
376 3533 420 3586 μοι
429 3530 465 3566 oro
467 3506 587 3585 ἐπεγεις
596 3527 731 3574 κεκοιηοτι
741 3507 828 3583 θυμω
840 3500 895 3580 [σε’
882 3525 919 3567 υς·

196 3625 212 3672 η
197 3593 262 3658 ότι
272 3598 304 3672 δη
315 3598 414 3678 ῥυπόω,
423 3594 493 3654 xasa
504 3593 547 3653 δέ·
541 3616 640 3674 Aper
589 3588 706 3650 είαατα
717 3582 803 3668 εἷμαι,

196 3687 354 3768 πτωχεύωδ
366 3685 544 3762 ἀνθιδῆμονβ
530 3678 743 3760 αναγκαίηγθιρέ
743 3677 835 3755 πείγει

197 3781 316 3837 inomni
325 3773 425 3852 πτωχοί
435 3797 479 3831 και
470 3771 617 3847 ’ἀλήμονες
628 3766 741 3848 ἄνδρες
727 3790 808 3825 εασιν.

159 3887 183 3923 76
198 3860 288 3924 Και
261 3886 311 3943 γαρ
322 3860 372 3940 ἐγώ
381 3884 444 3919 ποτε
454 3851 523 3918 οἶκον
534 3863 560 3917 ἐν
571 3855 743 3937 ἀνθρώποισιν
754 3854 837 3912 ἔναιον

198 3952 307 4018 όλθιος’
293 3948 395 4029 spretis
405 3972 449 4006 κοιι
440 3946 572 4005 πολλάκι
583 3944 674 4003 δόσκον
685 3941 784 4020 ἀλήτῃ,

197 4040 258 4098 τοίω
268 4036 377 4103 ὁποῖος
363 4061 399 4094 eor
409 4037 453 4094 καί
463 4034 521 4093 ότευ
531 4030 691 4113 κεχρημένος
701 4029 778 4087 ἔλθοι·

198 4121 264 4200 ἦσαν
276 4125 327 4183 δὲ
313 4148 395 4200 omres
406 4123 477 4200 μάλα
487 4121 572 4202 μυρίοι
583 4121 650 4178 άλλα
661 4142 688 4176 τε
698 4115 796 4188 πολλὰ,

198 4208 295 4274 06666’
273 4238 288 4271 τ
306 4238 334 4270 ευ
319 4205 436 4281 ζώουσι
447 4235 491 4269 και
482 4208 598 4290 ἀρνειοί
608 4205 753 4266 καλέονται.

159 4328 185 4364 νυ
199 4303 276 4363 'iili
286 4301 350 4367 zeb<
361 4299 466 4368 ἀλάτας
468 4323 479 4356 ε
494 4297 660 4378 Κρονίων-
621 4294 714 4365 -ἤθ-
704 4296 745 4351 λε
761 4315 813 4371 γαρ
822 4315 872 4349 που
882 4326 921 4335 -

199 4384 495 4471 τῶνυνμηποτεκαισθ
503 4382 609 4462 ,γόναι,
620 4381 690 4438 666
682 4378 889 4456 τᾶσανόλέσσῃς

200 4503 233 4534 αν
206 4474 362 4554 ’γλαίηνᾙ
330 4501 362 4553 τη
372 4499 416 4533 νυν
426 4498 471 4553 γ
444 4471 533 4531 εαετθι
544 4466 686 4548 δμωῇσι
655 4490 792 4524 κεκασσαι

201 4591 237 4641 μη
247 4589 281 4623 πι
277 4563 302 4630 i<
312 4588 350 4621 τοι
360 4561 482 4620 δέσποινα
492 4555 669 4634 κοτεσσαμένη
680 4553 831 4633 γαλεπηνῃ,

201 4653 234 4723 ἢ
237 4650 331 4712 Οδυσε
312 4675 371 4718 Ηυς
361 4649 459 4727 ἔλθη·”
445 4674 473 4706 ετ
475 4647 543 4727 ιγδρ
555 4669 599 4704 και
589 4645 711 4709 ἐλπίδος
722 4633 792 4700 αἶσα.

160 4763 185 4799 ss
201 4742 257 4799 lit
243 4760 256 4796 6
258 4740 289 4796 6
299 4737 370 4815 μὲν
354 4759 388 4804 ως
398 4735 568 4794 σἰπολωλε
528 4757 572 4793 και
581 4731 666 4792 οὐκέτι
675 4729 795 4808 νόστιμός
805 4733 883 4800 ἐστιν,

203 4827 260 4885 666'
269 4826 319 4897 ἤδη
329 4834 390 4890 παῖς
399 4834 464 4889 τοῖος
474 4820 631 4886 Ἀπόλλωνός
641 4843 670 4898 γε
680 4817 766 4889 ἕκητι,

202 4913 368 4992 Τηλέμαχος·
378 4914 420 4970 τὀν
431 4912 451 4969 δ’
462 4910 529 4975 οὔτις
539 4910 575 4968 ἐνί
585 4907 720 4988 μεγάροισι
731 4908 860 4984 γυναικῶν

203 5000 275 5071 λήθει
286 4999 417 5057 ἀτασθάλλ
425 5001 483 5056 666'·
494 4998 549 5056 ε’πεί
559 4995 643 5054 οὐκέτι
653 4994 756 5066 τηλίκος
767 4993 844 5051 ἐστίν.

243 5087 292 5152 Ὣς
302 5086 375 5166 ράτο·
386 5092 430 5143 τοῦ
440 5087 461 5142 δ’
471 5086 565 5157 ἤκουσε
576 5083 706 5164 περίρρων
717 5081 892 5152 Πηνελόπεια·

167 5199 192 5235 re
206 5174 351 5254 σἰμρίπολον
363 5173 383 5230 δ’
394 5172 520 5230 ἐνένιπτεν
536 5172 595 5238 ἔπος
605 5172 626 5228 τ’
637 5170 709 5250 ἔφατ’
721 5168 749 5228 ἔκ
758 5169 780 5227 τ’
791 5167 923 5246 ὀνόμαζεν·

1176 408 1388 470 ODYSSEAE
1412 411 1505 472 XIX.

953 535 1050 585 omnino
1058 535 1118 584 mihi
1126 536 1229 599 parietes
1238 536 1481 604 adsumptumque
1490 542 1686 604 interenlnmnia,

954 629 1107 695 abiegnaeque
1117 631 1210 693 trabes,
1220 638 1244 681 et
1253 633 1371 685 ωίυαιαω
1380 636 1493 687 maium
1502 643 1605 700 aectae,

954 717 1035 768 lucent
1043 719 1119 769 omlis
1123 720 1271 783 ‚tanquam
1264 734 1318 783 igne
1326 721 1434 773 ardente.

955 807 1025 855 Certe
1033 806 1130 856 omnino
1139 806 1290 870 aliquisdeus
1299 811 1336 857 est
1344 809 1409 858 intus
1418 821 1509 859 eoram
1516 809 1560 872 qni
1568 809 1728 860 eoelumlamn

956 892 1057 956 tenent]
1078 895 1728 962 ίίυαοευίεωιοιροοιίεοοοίίευεεααίίοςεαίοουοθίιι

956 992 995 1029 ses
1005 979 1098 1043 :,]taee
1108 983 1394 1034 etintuamenteretine
1399 985 1618 1048 ,neuinterrogaz

956 1067 995 1117 iric
1004 1082 1061 1118 sane
1070 1082 1123 1119 mos
1131 1072 1170 1119 est
1178 1069 1278 1120 deonrm
1284 1085 1344 1134 ,qur
1337 1071 1483 1135 'Olympum
1493 1072 1618 1122 habitant.

955 1155 1002 1205 sed
1011 1159 1037 1205 tu
1047 1156 1144 1220 quidem
1153 1157 1326 1220 cubitumeas3
1335 1171 1379 1220 ego
1389 1160 1579 1223 rarorelinqnar
1589 1160 1645 1222 bic,

957 1247 984 1292 nt
992 1242 1071 1293 adhuc
1080 1245 1155 1308 magis
1165 1246 1267 1295 [amulas
1275 1249 1301 1296 et
1309 1251 1412 1296 matrem
1421 1251 1489 1297 tuam
1498 1260 1648 1310 provocem

956 1329 1009 1380 hec
1016 1343 1073 1380 vero
1082 1345 1121 1381 me
1130 1333 1262 1382 lamentans
1272 1333 1427 1396 interrogabit
1436 1333 1467 1384 de
1475 1335 1588 1396 singulis.

987 1418 1025 1468 Sic
1034 1418 1094 1468 dixit
1104 1435 1110 1468 ι
1121 1420 1277 1471 'lelenacbus
1285 1433 1343 1471 vero
1352 1435 1395 1485 per
1402 1421 1501 1471 domurn
1510 1422 1628 1472 discessit

956 1505 1082 1554 cubiturus
1089 1507 1113 1554 in
1121 1507 1273 1569 cubiculum,
1284 1508 1376 1558 facibus
1385 1509 1553 1570 illuceniibus,

957 1593 999 1642 ubi
1008 1597 1077 1644 antea
1086 1595 1189 1644 cubabat
1198 1632 1206 1657 ,
1215 1595 1312 1659 quando
1320 1596 1367 1660 ipsi
1376 1596 1454 1646 drrlcis
1463 1611 1566 1647 mannus
1576 1597 1676 1647 advenit
1686 1614 1692 1645 :

957 1680 998 1729 ubi
1008 1681 1079 1730 etiam
1089 1684 1141 1730 tum
1152 1683 1249 1745 cubuit,
1259 1687 1284 1732 et
1293 1689 1409 1733 auroram
1417 1683 1523 1733 divinam
1532 1685 1697 1748 exspectabat

958 1772 988 1817 at
996 1769 1021 1816 in
1029 1766 1102 1818 domo
1111 1770 1290 1833 relinquebatur
1299 1770 1396 1820 divium
1404 1771 1518 1833 Ulyssem

957 1857 1036 1918 procis
1045 1856 1136 1906 οεειίουι
1145 1871 1201 1906 earm
1210 1858 1316 1908 iiinerva
1324 1858 1454 1909 meditans.

989 1949 1067 2007 Atque
1075 1944 1239 2006 egrediebatur
1247 1959 1261 1995 e
1270 1946 1376 1995 thalamo
1384 1946 1490 2011 prudens
1499 1947 1635 2011 Penelope,

958 2031 1040 2080 Dianae
1049 2032 1133 2082 similis
1142 2036 1184 2082 ant
1192 2047 1271 2082 aureae
1278 2034 1373 2083 Veneri.

958 2119 1003 2168 cui
1010 2123 1078 2183 Juxta
1086 2121 1164 2182 ignem
1173 2121 1254 2170 εειίεω
1263 2126 1409 2184 posuerunt,
1422 2122 1464 2171 ubi
1473 2121 1693 2182 insidere-solebat,

959 2208 1156 2258 tornatamebore
1166 2212 1191 2258 et
1199 2212 1311 2270 argentm
1320 2223 1393 2272 quarn
1402 2210 1459 2258 olim
1468 2209 1536 2258 labe

959 2296 1046 2345 iecerat
1055 2295 1180 2357 lcmallus,
1188 2300 1213 2346 et
1221 2296 1309 2346 subtus
1319 2297 1449 2346 scabellum
1458 2296 1563 2360 pedibus
1573 2301 1697 2360 posuerat,

959 2388 1042 2447 aptum
1051 2397 1080 2433 ex
1089 2384 1153 2447 ipsa,
1163 2383 1205 2434 ubi
1214 2397 1300 2446 magna
1308 2383 1459 2446 inliciebatur
1467 2384 1546 2446 pellis.

960 2472 1011 2522 illic
1019 2471 1144 2521 desidebat
1152 2470 1238 2521 deinde
1247 2471 1352 2534 prudens
1362 2472 1489 2534 Penelope.

960 2563 1083 2609 venerunt
1090 2563 1172 2609 autem
1178 2558 1275 2609 lamule
1283 2558 1464 2608 candidis-ulnis
1472 2572 1503 2608 ex
1513 2558 1602 2618 domo;

960 2660 1044 2710 aeque
1052 2646 1241 2710 panemquidem
1251 2647 1355 2696 muitum
1364 2646 1516 2707 anierebant,
1527 2650 1553 2695 et
1564 2660 1674 2707 mensas,

961 2738 985 2785 ei
994 2734 1092 2797 pocula,
1101 2733 1165 2783 unde
1173 2733 1217 2782 viri
1227 2734 1392 2796 superbientes
1401 2733 1513 2782 biberant
1524 2748 1530 2780 :

961 2823 1040 2885 ignem
1048 2821 1221 2872 6eroalomdis
1231 2820 1483 2883 adtemsmiecerunt;
1492 2820 1589 2883 aliaque
1598 2834 1670 2884 snper
1678 2821 1731 2884 ipsos

961 2909 1113 2960 cumularunt
1121 2909 1183 2970 ligna
1192 2908 1281 2970 nuile,
1290 2907 1371 2958 lumen
1379 2911 1407 2957 ut
1416 2911 1480 2957 esset
1489 2911 1514 2956 et
1523 2907 1597 2956 calor.

962 3002 992 3048 it
1001 2998 1112 3059 blyssem
1121 2996 1258 3058 increpabat
1267 2995 1387 3045 llelantbo
1397 2993 1502 3043 meando
1509 3007 1596 3043 rursus
1606 3009 1612 3043 :

993 3083 1186 3147 Hospes,sdbuc
1194 3088 1220 3133 et
1227 3096 1291 3132 nunc
1300 3083 1339 3131 bie
1347 3082 1520 3132 molestus-eris
1528 3095 1573 3144 per
1581 3085 1676 3132 noctem
1775 3118 1777 3139 ,

962 3186 1061 3223 versans
1070 3172 1094 3221 in
1103 3169 1385 3234 dnmo‚observabisque
1394 3168 1522 3218 mulieres?
1775 3144 1777 3187 ί

963 3261 1009 3311 Sed
1018 3260 1057 3309 exi
1067 3259 1143 3319 iores,
1154 3259 1235 3317 miser,
1245 3262 1269 3306 et
1278 3257 1391 3306 censitio
1400 3255 1572 3306 contentus-sis
1582 3272 1588 3304 :

962 3354 1003 3397 aut
1012 3349 1059 3396 cito
1068 3352 1092 3395 et
1101 3346 1184 3395 titione
1194 3358 1322 3408 percussus
1332 3344 1377 3392 ibis
1387 3345 1456 3391 ionas

994 3440 1061 3485 lianc
1075 3439 1156 3483 autem
1167 3439 1233 3482 torve
1244 3432 1344 3481 intuitus
1353 3431 1517 3480 allocutusest
1528 3430 1667 3491 ingeniosus
1677 3431 1732 3491 Uias·

963 3538 1001 3573 ses
1013 3523 1029 3586 :l
1039 3521 1145 3583 improba
1151 3556 1158 3581 ‚
1168 3535 1211 3568 eur
1220 3520 1293 3568 in-me
1302 3520 1337 3568 sie
1346 3518 1465 3567 invelieris
1472 3518 1531 3566 irato
1540 3518 1638 3565 animo?

962 3627 993 3659 an
1002 3610 1065 3672 quod
1075 3609 1212 3667 nonnitus,
1223 3607 1285 3655 mala
1290 3611 1370 3655 autem
1375 3619 1473 3666 corpore
1480 3605 1625 3654 vestimenta
1637 3606 1733 3653 indutis:-

963 3712 1016 3747 sum
1023 3698 1039 3759 r]
1050 3696 1205 3757 mendiaeque
1214 3709 1256 3757 per
1265 3694 1395 3756 populum?
1407 3693 1536 3743 necessitas
1546 3692 1611 3740 enim
1621 3698 1696 3753 urget.

963 3786 1032 3834 Tales
1042 3784 1145 3832 mendici
1154 3788 1178 3831 et
1187 3795 1283 3832 errones
1292 3782 1338 3829 viri
1348 3785 1412 3829 sunt.

964 3873 1058 3923 Etenim
1068 3886 1111 3933 ego
1120 3871 1240 3933 quondam
1250 3869 1348 3917 domum
1360 3869 1421 3916 inter
1430 3868 1537 3916 homines
1546 3866 1686 3915 habitabam

964 3961 1049 4009 leatus
1056 3961 1169 4019 divitem,
1179 3963 1203 4006 et
1213 3970 1276 4019 sape
1285 3957 1370 4004 dabam
1380 3955 1470 4015 ononi,

964 4049 1020 4107 tali,
1031 4048 1202 4109 qualiscunque
1211 4044 1482 4106 esset,etcujuscunque
1496 4045 1534 4089 ret
1549 4041 1661 4102 indigens
1669 4048 1738 4090 verris·

965 4136 1010 4199 sei]
1020 4138 1087 4184 erant
1096 4148 1153 4183 vero
1162 4133 1227 4181 milri
1238 4132 1301 4181 servi
1311 4131 1379 4178 valde
1389 4129 1497 4192 plurimi,
1509 4129 1603 4190 aliaque
1613 4130 1704 4188 muita,

965 4224 1052 4287 quibus
1061 4223 1120 4271 bene
1130 4221 1213 4269 vivunt
1223 4220 1350 4277 tornines,
1359 4223 1383 4266 et
1391 4217 1479 4264 divites
1489 4221 1613 4265 vocantur.

966 4311 1011 4361 Sed
1018 4311 1111 4372 iupiter
1121 4309 1174 4358 lucc
1184 4306 1286 4369 perdidit
1295 4306 1419 4355 Sairrrnius
1435 4303 1518 4361 (aolrrit
1528 4305 1592 4351 enim
1600 4304 1661 4357 iere)
1674 4320 1680 4352 :

966 4399 1019 4447 ideo
1029 4411 1091 4445 nunc
1102 4409 1162 4444 cusa
1171 4395 1302 4456 nequando
1310 4399 1333 4442 et
1343 4397 1382 4451 tu,
1393 4392 1486 4450 mulier,
1496 4405 1592 4439 onorem
1602 4393 1703 4440 annittas

966 4486 1089 4543 decorem,
1100 4497 1149 4544 quo
1158 4497 1221 4530 nunc
1233 4495 1289 4530 sane
1300 4482 1360 4529 inter
1369 4480 1466 4528 ancillas
1475 4484 1607 4537 ornataes;

966 4587 996 4622 ne
1003 4573 1061 4620 sorte
1072 4571 1113 4619 tibi
1124 4570 1287 4618 domiminati
1297 4568 1394 4626 surlet,

967 4660 1003 4709 vel
1015 4660 1112 4721 Ulysses
1122 4659 1225 4716 venerii;
1234 4657 1312 4705 aditae
1322 4656 1385 4704 enim
1395 4660 1418 4703 et
1428 4654 1478 4715 spei
1487 4653 1555 4715 capia
1565 4656 1611 4702 est,

967 4750 1091 4798 sinautem
1098 4747 1136 4795 ille
1146 4746 1242 4807 quidem
1248 4746 1281 4792 iia
1289 4741 1561 4806 periit,etnon·umpiius
1572 4740 1742 4799 redituruscst,

966 4836 1047 4897 etjam
1056 4835 1119 4883 filius
1128 4834 1182 4882 talis
1190 4833 1277 4887 adest,
1291 4830 1404 4893 Apollinis
1413 4829 1509 4891 quidem
1520 4828 1658 4889 voluntate,

966 4923 1134 4981 Telemncbus;
1144 4922 1207 4969 lruuc
1216 4924 1295 4968 autem
1305 4918 1369 4966 nulla
1378 4918 1402 4965 in
1412 4917 1504 4965 adibus
1514 4915 1642 4962 mulierum

967 5010 1023 5057 latet
1032 5008 1159 5068 injurians:
1169 5007 1279 5067 quoniam
1286 5005 1444 5067 nou-amplius
1454 5003 1646 5051 tantilla-etatis
1655 5006 1700 5052 cst.

997 5096 1035 5145 Sic
1045 5094 1116 5154 disin
1126 5108 1181 5143 eum
1191 5107 1247 5142 vero
1257 5092 1346 5142 audiuit
1356 5092 1458 5155 prudens
1469 5091 1586 5152 Penelope
1595 5107 1602 5149 ;

966 5183 1073 5233 ancillam
1083 5186 1162 5232 autern
1169 5181 1321 5242 objurgabat,
1330 5180 1477 5241 verbumque
1484 5178 1544 5228 dixit
1550 5183 1576 5228 et
1584 5178 1739 5230 elouutsest:
