3570 5932
321 427 568 489 ΟΔΥΣΣΕΙΑΣ
592 431 630 489 11.

134 555 182 615 καί
190 579 237 634 μιν
246 554 369 638 φωνήσας
379 554 443 615 έπεα
452 555 594 638 πτερόεντα
604 557 764 640 προςηύόων·

176 644 317 727 Εὐρύλοχ’,
327 635 345 716 ή
355 644 428 722 μάλα
439 645 471 717 δή
481 669 515 723 με
526 645 641 726 βιάζετε,
654 653 748 725 μοῦνον
758 646 842 707 ἐόντα·

133 733 194 790 ἀλλ’
205 731 253 812 άγε
261 737 307 789 νῦν
315 755 361 810 μοι
369 730 466 799 πάντες
473 731 605 806 ὀμόσσατε
613 734 739 816 καρτερὸν
748 733 833 817 ὀρκον,

134 818 159 877 εί
166 817 199 878 κέ
205 821 254 877 τιν’
263 818 294 890 ήέ
305 822 373 898 βοῶν
382 818 478 898 ἀγέλην
487 817 505 891 ἢ
515 824 574 880 πῶϋ
585 819 642 899 μέγ’
652 825 714 880 οἰῶν

89 922 123 964 tto
135 905 266 987 εθρωμεν,
275 905 313 984 μή
322 905 374 965 πού
382 928 422 974 τις
430 907 606 988 ὀταώαλίηαι
615 913 728 988 κακῇσιν

134 991 152 1063 ἢ
163 997 225 1073 βοῦν
234 990 253 1063 ἢ
262 992 300 1052 ἐτι
310 995 394 1070 μῆλον
404 993 549 1073 ἀποκτάνῃ·
559 994 628 1053 ἀλλά
638 993 727 1068 έκηλοι

132 1079 231 1138 ἐσθίετε
243 1079 360 1161 βρώμην,
368 1080 416 1152 τήν
426 1081 543 1153 ἀθανάτη
553 1081 617 1163 πόρε
628 1082 724 1164 Κίρκη.

172 1166 224 1233 Ὦς
233 1166 344 1249 ἐφάμην·
354 1170 379 1226 οἱ
388 1167 411 1225 δ’
421 1169 505 1228 αὐτίκ’
516 1167 666 1246 ἀπώμνυον,
675 1174 711 1236 ὡς
720 1168 849 1230 ἐκέλευον.

131 1251 225 1335 Αύτάρ
236 1253 293 1314 ἐπεί
302 1256 324 1337 β’
334 1254 433 1332 ὀμυαάν
442 1278 470 1313 τε
480 1255 639 1328 τελεύτησάν
648 1280 677 1315 τε
686 1257 730 1315 τὀν
739 1254 825 1338 ὀρκον,

89 1355 123 1398 tm
134 1339 272 1419 στήσαμεν
282 1345 310 1401 ἐν
319 1340 404 1419 λιμένι
412 1342 539 1425 γλαφυρῷ
549 1342 656 1424 εὐεργέα
669 1347 735 1415 νῆα,

136 1428 199 1509 ἄγχ’
209 1428 302 1496 ύόατος
311 1431 455 1511 γλυκεροῖο·
464 1431 511 1488 καλ
520 1429 685 1502 ἐξαπέόησαν
696 1434 794 1511 ἑταῖροι

132 1513 208 1588 κηὀς,
218 1514 307 1574 ἐπειτα
317 1515 345 1575 δέ
355 1515 449 1597 δόρπον
458 1516 637 1594 ἐπισταμένοις
645 1515 791 1576 τετύκοντο.

133 1600 228 1683 Αθτόρ
239 1600 295 1659 ἐπελ
303 1598 394 1669 πόσιος
402 1601 448 1660 καλ
457 1602 563 1674 ἐδητύος
572 1603 597 1672 ἐξ
608 1603 665 1685 έρον
677 1601 751 1675 έντο,

131 1688 296 1766 μνησάμενοι
306 1687 338 1758 δή
349 1687 439 1746 έπειτα
449 1687 538 1769 φίλους
547 1688 650 1748 ἐκλαιον
662 1689 792 1771 ἑταίρους,

89 1793 119 1835 tto
131 1774 178 1842 οθς
186 1774 267 1856 έφαγε
278 1775 399 1848 bolma,
409 1778 544 1858 γλαφυρῆς
552 1780 582 1836 ἐκ
591 1777 651 1849 νηὸς
661 1781 764 1837 ἑλοῦσα·

130 1861 298 1920 κλαιόντεσσι
307 1859 335 1920 δέ
343 1871 425 1920 τοῖσιν
436 1863 548 1931 ἐπηλυθι
558 1863 672 1935 νήδυμος
680 1863 767 1932 ὕπνος.

130 1940 223 2026 Ἦμος
232 1948 260 2007 δέ
268 1947 347 2029 τρίχα
356 1948 446 2016 νυκτὸς
456 1948 516 2021 έην,
527 1949 595 2027 μιτά
604 1921 629 2008 δ’
637 1951 722 2032 ἄστρα
733 1949 856 2031 βεόήκει,

130 2025 219 2118 ώρσεν
227 2035 270 2094 ἐπι
280 2040 344 2108 ζαῆν
356 2036 451 2115 ἄνεμον
461 2036 651 2119 νεφεληγερέτα
660 2037 726 2105 Ζεὺς

131 2123 247 2182 λαίλαπι
255 2123 395 2203 θεσπεσίη,
406 2124 453 2182 σὺν
463 2123 491 2183 δέ
500 2124 619 2206 νεφέεσσι
629 2124 745 2207 καλυψιν

91 2232 118 2270 ιε
169 2218 214 2269 ῐαν
223 2214 288 2288 ὁμοῦ
298 2211 343 2269 καλ
351 2209 454 2270 πόντον·
465 2210 557 2292 ὀρώρει
567 2212 589 2269 δ’
599 2209 736 2292 οὐρανόθεν
743 2210 800 2280 νύξ.

131 2235 224 2375 1iniunt
232 2299 255 2356 δ’
265 2296 396 2378 ἠριγένεια
406 2297 475 2379 φάνη
486 2297 671 2380 ῥοδοδάκτυλος
680 2298 766 2373 Ἠώς,

132 2390 185 2457 νῆα
196 2384 245 2463 μέν
253 2384 418 2466 ὡρμίσαμεν,
428 2387 515 2444 κοῖλον
526 2383 603 2451 σπέος
613 2385 795 2468 είςερύσαντες·

134 2471 227 2531 ἔνθαδ’
237 2471 300 2530 ἔσαν
310 2471 441 2552 Νυμφέων
450 2472 527 2531 καλοί
536 2472 610 2553 χοροὶ
619 2474 666 2543 ἠδὲ
679 2472 782 2533 θόωκοι·

132 2560 179 2620 καλ
188 2559 243 2620 τότ’
253 2558 320 2639 ἐγὼν
329 2559 426 2642 ἀγορὴν
436 2558 539 2636 θέμενος
549 2558 616 2637 μετά
625 2569 706 2619 πᾶσιν
717 2560 810 2621 ἔειπον·

89 2671 121 2708 uo
172 2640 210 2709 Ὦ
221 2648 305 2731 φίλοι,
316 2651 343 2708 ἐν
351 2647 402 2728 γάρ
412 2643 455 2720 νηῒ
464 2653 510 2728 θοῇ
522 2647 617 2730 βρῶσίς
625 2671 653 2706 τε
662 2647 738 2716 πόσις
746 2673 774 2707 τε

134 2734 215 2808 ἐστλν,
224 2740 277 2794 τῶν
287 2734 314 2793 δέ
325 2738 392 2813 βοῶν
402 2734 577 2814 ἀπεχώμεθα,
588 2735 652 2813 μήτε
661 2736 796 2814 πάθωμεν·

135 2824 218 2881 δεινοῦ
228 2821 278 2904 γάρ
288 2828 345 2881 θεοῦ
356 2819 413 2880 αίδε
424 2822 482 2901 βόες
491 2822 537 2881 καλ
546 2822 605 2903 ίφια
617 2826 705 2899 μῆλα,

135 2909 255 2982 Ἠελίου,
264 2909 291 2977 θς
300 2908 378 2968 πάντ’
389 2913 470 2991 ἐφορᾷ
479 2910 524 2969 καὶ
533 2909 610 2969 πάντ’
620 2910 751 2970 ἐπακούει.

173 2996 225 3063 Ὡς
236 2997 347 3079 ἐφάμην·
356 3004 438 3055 τοῖσιν
449 2997 471 3054 δ’
482 2995 632 3055 ἐπεπείθετο
642 2997 721 3075 θυμὸς
731 2997 843 3079 ἀγήνωρ.

89 3105 120 3142 res
134 3087 216 3154 Μῆνα
226 3081 253 3141 δὲ
262 3082 338 3142 πάντ’
348 3083 476 3155 ἀλληκτος
485 3083 520 3155 άη
531 3082 628 3157 Νότος,
638 3083 697 3142 οὐδέ
707 3109 745 3152 τις
760 3086 837 3153 άλλος

134 3171 230 3250 γίγνετ’
241 3169 320 3229 ἔπειτ’
330 3169 443 3249 ἀνέμων,
454 3173 477 3229 εί
488 3170 525 3248 μή
537 3162 622 3252 Εὖρός
629 3193 660 3229 τε
670 3171 752 3240 Νότος
760 3197 798 3232 τε.

134 3260 171 3316 Ol
181 3256 203 3314 δ’
214 3254 272 3323 εἵως
278 3254 325 3334 μέν
335 3265 405 3315 σῖτον
416 3256 476 3336 έχον
485 3257 530 3315 καλ
540 3248 607 3315 οἶνον
616 3257 731 3339 ἐρυθρὸν,

134 3342 218 3424 τόφρα
229 3347 296 3421 βοῶν
306 3341 448 3422 ἀπέχοντο,
456 3342 617 3421 λιλαιόμενοι
628 3342 733 3422 βιότοιο,

135 3429 205 3489 Ἀλλ’
214 3431 256 3488 ὅτε
266 3427 297 3501 δή
307 3429 367 3501 νηθς
378 3428 493 3511 ἐξέφθιτο
501 3430 547 3501 ἤῑα
556 3430 657 3503 πάντα,

89 3537 121 3576 tao
135 3516 181 3575 καὶ
192 3513 225 3586 δὴ
235 3514 317 3596 ἀγρην
329 3515 470 3596 ἐφέπεσκον
480 3515 648 3588 ἀλητεύοντες
655 3516 772 3597 ἀνάγκη,

136 3605 209 3682 ἰχθῦς
217 3602 317 3683 ὀρνιθάς
325 3626 369 3677 τε,
380 3602 457 3684 φίλας
466 3602 514 3662 ότι
522 3612 613 3685 χεῖρας
620 3603 717 3676 ίκοιτο,

134 3698 280 3768 γναμπτοῖς
290 3690 475 3771 ἀγκίστροισιν·
487 3690 568 3772 ἔτειρε
577 3691 605 3750 δέ
614 3691 730 3772 γαστέρα
739 3691 824 3770 λιμός.

138 3775 180 3848 Δή
190 3775 243 3836 τότ’
253 3775 320 3855 ἐγὼν
329 3776 379 3835 ἀνὰ
389 3782 467 3848 νῆσον
478 3777 628 3857 ἀπέστιχον,
638 3779 706 3860 όφρα
716 3783 811 3838 θεοῖσιν

136 3864 272 3942 εὐξαίμην,
281 3864 306 3922 εί
313 3865 352 3932 τίς
362 3888 406 3942 μοι
415 3865 473 3924 talu
483 3865 571 3947 φήνειε
580 3866 691 3925 νέεσθαι.

89 3972 123 4011 ιω
136 3951 206 4011 Ἀλλ’
215 3949 258 4009 ὀτε
268 3950 299 4022 δή
308 3949 351 4009 διδ
359 3952 439 4023 νήσου
452 3950 497 4010 ἰὼν
510 3951 593 4023 ἤλυξα
603 3952 732 4035 ἑταίρους,

134 4048 227 4119 χεῖρας
235 4038 387 4119 νιψάμενος,
397 4038 433 4097 ὅθ’
444 4038 488 4098 ἐπί
497 4038 596 4107 σκέπας
605 4031 637 4113 ήν
646 4039 766 4117 ἀνέμοιο,

136 4125 249 4207 ἠρώμην
256 4125 383 4185 πάντεσσι
393 4131 471 4198 θεοῖς,
483 4126 509 4185 οῖ
517 4124 658 4202 Ὄλυμπον
669 4127 781 4206 έχουσιν·

135 4217 160 4271 οἱ
170 4213 192 4271 δ’
203 4212 254 4295 ἀρα
265 4236 309 4290 μοι
317 4211 413 4290 γλυκύν
422 4211 502 4271 θπνον
511 4212 555 4271 ἐπί
566 4212 733 4294 βλεφάροισιν
743 4213 844 4293 έχευαν.

138 4298 288 4382 Εὐρύλοχος
297 4299 319 4358 δ’
329 4298 444 4381 ἑτάροισι
453 4303 536 4370 κακῆς
546 4297 670 4380 ἐξήρχετο
680 4302 783 4379 βουλῆς·
803 4302 863 4382 [ρον

89 4408 123 4447 tto
176 4385 296 4446 Κέκλυτέ
306 4410 354 4464 μευ
365 4385 466 4465 μύθων,
476 4385 547 4444 κακά
559 4408 609 4466 περ
618 4385 778 4465 πάσχοντες,
788 4391 863 4446 έταῖ-

133 4472 230 4539 πάντες
240 4471 287 4550 μέν
296 4473 414 4555 στυγερολ
424 4472 529 4532 θάνατοι
538 4474 644 4531 δειλοῖσι
656 4476 794 4554 βροτοῖσιν,

135 4561 207 4640 λιμῷ
218 4559 241 4618 δ’
250 4560 378 4619 οίκτιστον
388 4559 486 4618 θανέειν
496 4560 542 4619 καλ
550 4558 651 4637 πότμον
660 4561 788 4619 ἐπισπεῖν.

136 4646 207 4707 Ἀλλ’
216 4646 298 4725 ἄγετ’,
309 4646 422 4707 Ἠελίοιο
433 4651 500 4726 βοῶν
509 4646 649 4713 ἐλάσαντες
657 4645 767 4728 ἀρίστας

137 4732 245 4816 ῥέξομεν
255 4735 420 4807 ἀθανάτοισι,
430 4734 470 4793 τοὶ
479 4735 587 4816 οὐρανὸν
597 4732 672 4814 εθρθν
682 4733 795 4813 ἔχωσιν.

89 4843 122 4882 us
136 4824 173 4882 Et
183 4820 212 4879 δέ
220 4844 265 4880 κεν
274 4824 309 4888 εἰς
319 4821 424 4893 Ἰθάκην
436 4820 606 4903 ἀφικοίμεθα,
614 4819 730 4901 πατρίδα
739 4828 829 4899 γαῖαν,

136 4900 205 4989 αἶψά
216 4931 261 4966 κεν
270 4908 367 4991 Ἠελίῳ
377 4907 510 4990 Ὑπερίονι
518 4908 597 4967 πίονα
606 4905 669 4980 νηόν

130 4993 264 5073 τεύξομεν,
274 4998 301 5054 ἐν
310 4995 373 5055 ὀέκε
383 5001 470 5072 θεῖμεν
477 4993 619 5072 ἀγάλματα
628 4991 715 5052 πολλὰ
723 4992 769 5051 καλ
774 4992 862 5054 ἐσθλά·

136 5084 161 5140 εί
170 5079 198 5139 δέ
205 5081 390 5162 χολωσάμενὰ
398 5104 424 5139 τι
435 5085 503 5160 βοῶν
512 5082 715 5163 ὀρθοκραιράων,

136 5171 177 5240 νῆ’
187 5167 263 5249 ἐθέλῃ
273 5167 377 5243 ὀλέσαι,
386 5168 429 5226 ἐπὶ
439 5169 460 5227 δ’
472 5165 603 5227 ἕσπωνται
612 5166 665 5227 θεολ
674 5166 762 5242 ὀλλοι,

1154 436 1366 499 OBYSSEAE
1386 441 1451 500 llll.

904 565 930 613 et
938 561 1005 612 illum
1014 563 1173 626 compellans,
1183 564 1264 614 verbis
1272 565 1342 615 alatis
1351 566 1549 616 allocutus-sum:

936 651 1084 712 Euryloclre,
1097 652 1203 714 prolecto
1217 653 1288 703 vaide
1299 653 1349 714 juni
1363 667 1402 704 me
1416 655 1519 716 urgetis,
1529 655 1595 704 solus
1603 669 1688 719 quum·

1633 453 1690 505 loo

905 738 951 787 mm
963 737 984 801 z]
992 737 1092 799 sednze,
1098 752 1162 788 nunc
1168 739 1226 788 mibi
1231 753 1315 789 omnes
1321 740 1401 802 jurate
1407 743 1504 791 iirurum
1507 732 1689 804 iusiurandum:

905 825 1001 889 siquod
1010 831 1052 876 aut
1061 826 1135 876 bourn
1143 832 1290 888 armentium,
1299 833 1342 878 aut
1350 841 1444 891 gregeus
1454 843 1568 890 niagnum
1576 829 1661 879 ovium

905 912 1069 977 inveniamus,
1078 927 1109 964 na
1119 915 1252 965 ullomodo
1259 917 1315 979 quis
1324 917 1460 979 iusipientia
1468 918 1531 966 niatu

906 1004 948 1050 aut
956 1000 1043 1051 bovem
1049 1036 1058 1062 ,
1066 1006 1109 1052 aut
1117 1003 1190 1052 etiarn
1199 1003 1316 1066 pecudem
1324 1003 1418 1055 occidat
1429 1018 1436 1053 ι
1446 1003 1490 1053 sed
1499 1003 1580 1066 quiete
1695 1006 1698 1014 “

906 1089 1025 1139 comedite
1034 1089 1130 1152 cibum,
1139 1103 1212 1153 qun
1221 1090 1362 1140 immortalis
1370 1090 1474 1153 prebuit
1482 1090 1559 1140 Circe.

937 1177 975 1225 Sic
984 1176 1035 1226 dixi
1045 1192 1051 1225 ε
1061 1177 1096 1227 illi
1105 1182 1186 1230 sutem
1194 1179 1305 1241 pmtinus
1312 1178 1469 1240 abluebant,
1479 1185 1507 1227 ut
1512 1177 1583 1240 jussi.
1648 1213 1655 1238 ,

906 1268 941 1313 Αο
950 1268 1078 1327 postquam
1085 1264 1193 1328 jurarant
1202 1271 1388 1329 peregerautque
1394 1265 1576 1328 jusjurandum,

905 1350 1074 1400 constituimus
1082 1351 1108 1400 iu
1116 1356 1187 1415 portu
1196 1365 1257 1402 caro
1265 1352 1419 1402 fabrefactum
1428 1365 1527 1412 narem,

906 1450 979 1500 prope
988 1451 1075 1501 aquam
1084 1438 1194 1499 dulcem
1203 1443 1228 1488 et
1237 1439 1394 1501 egressi-sunt
1402 1438 1460 1489 socii

906 1525 999 1586 eusci,
1008 1525 1094 1576 deiude
1102 1530 1184 1575 autern
1192 1540 1285 1576 caenum
1295 1527 1354 1576 scite
1363 1531 1515 1590 appararunc

907 1616 941 1662 Ac
950 1617 1079 1675 postqmm
1088 1619 1160 1676 potus
1169 1617 1194 1663 et
1202 1614 1249 1663 cibi
1258 1613 1404 1663 desiderium
1414 1617 1567 1674 exemerunt,

906 1699 1023 1748 recordati
1031 1699 1118 1749 deinde
1126 1714 1195 1750 caros
1204 1701 1293 1750 ssebaut
1301 1701 1392 1762 socios,

906 1798 967 1847 quoe
977 1786 1135 1836 devoraverat
1143 1788 1234 1849 Scylla,
1244 1801 1306 1837 cava
1313 1801 1343 1838 ex
1355 1788 1409 1836 navi
1418 1791 1529 1850 ereptos:

906 1872 1018 1922 llmdbus
1025 1879 1107 1923 numm
1116 1874 1146 1924 iis
1154 1875 1292 1938 supervenit
1301 1874 1379 1924 dulcis
1389 1887 1496 1924 somam.

906 1961 1008 2018 Quando
1016 1974 1073 2010 vero
1084 1962 1218 2023 tertia-pars
1227 1963 1305 2011 noetis
1315 1967 1379 2022 erat,
1388 1966 1414 2011 et
1422 1966 1486 2010 astra
1496 1961 1652 2022 transierant,

906 2046 1008 2097 immisit
1017 2048 1183 2098 vehementem
1193 2054 1292 2100 rentum
1301 2049 1473 2110 nubeseogens
1481 2049 1576 2111 Jupiter

909 2133 1004 2185 turbiue
1013 2147 1072 2184 cum
1081 2135 1184 2197 iugenti3
1194 2149 1222 2185 ac
1230 2135 1336 2186 nubibus
1344 2135 1468 2198 cooperuit

906 2225 994 2270 terram
1003 2222 1075 2271 sbuul
1083 2227 1108 2272 et
1115 2228 1216 2286 pontum
1228 2238 1234 2271 :
1245 2223 1333 2285 ingruit
1341 2227 1423 2272 autem
1432 2221 1533 2272 deeoelo
1542 2236 1598 2272 οοε.

908 2308 1009 2366 Quando
1018 2312 1099 2359 numm
1108 2310 1267 2371 mane-genita
1275 2310 1385 2372 apparuit
1394 2309 1560 2371 roseisdigitis
1569 2315 1674 2369 Aurora,

906 2408 993 2444 navem
1006 2396 1103 2458 quidem
1122 2396 1299 2460 subduximus,
1319 2398 1441 2446 in-cavum
1454 2409 1554 2458 specum
1572 2397 1690 2446 introtra·

906 2482 1002 2545 claru3]
1014 2483 1054 2531 ubi
1061 2488 1130 2532 erunt
1138 2485 1302 2547 Nympharum
1312 2483 1387 2546 pulcri
1396 2483 1462 2532 ebori
1471 2497 1499 2532 ac
1508 2483 1593 2532 sedilia
1603 2498 1610 2531 :

906 2574 931 2619 et
938 2574 991 2619 tuus
1001 2584 1057 2631 ego,
1066 2571 1182 2620 concione
1190 2571 1313 2630 instituta,
1324 2571 1384 2618 iuter
1392 2583 1476 2620 omnes
1485 2570 1551 2618 elixi:

938 2661 960 2708 0
969 2657 1050 2717 amici,
1060 2658 1085 2706 iu
1094 2658 1150 2706 navi
1159 2659 1223 2707 enirn
1232 2658 1301 2707 celeri
1311 2658 1428 2719 cibusque
1437 2660 1557 2719 polusque

906 2749 956 2806 est;
966 2758 1049 2793 varum
1059 2744 1162 2794 abobus
1171 2746 1347 2803 abstineamus,
1357 2743 1455 2806 nequid
1464 2744 1596 2805 patimur,

907 2831 985 2892 gravis
994 2831 1058 2879 enim
1069 2829 1109 2879 dei
1117 2830 1156 2878 lue
1166 2831 1240 2880 boves
1249 2833 1312 2880 susat
1319 2835 1344 2879 et
1352 2829 1448 2879 exuuiae
1457 2829 1574 2892 pecudes,

906 2918 980 2978 Solis,
989 2918 1031 2980 qui
1040 2918 1120 2967 munia
1127 2918 1235 2980 inspicit,
1245 2922 1270 2967 et
1278 2919 1357 2966 omnia
1367 2917 1443 2966 audit.

936 3006 975 3055 sic
984 3005 1048 3066 dixi3
1058 3005 1105 3055 illis
1114 3019 1172 3055 vero
1181 3009 1357 3068 persuasusest
1365 3005 1460 3053 animus
1469 3015 1606 3066 generosus,

906 3095 1013 3142 Mensem
1022 3097 1102 3142 autem
1112 3091 1230 3153 integrum
1239 3095 1369 3153 perpetuus
1378 3089 1450 3138 llabat
1459 3092 1548 3149 Notus,
1559 3103 1603 3138 nec
1613 3088 1676 3136 ullus

905 3179 982 3243 alius]
991 3179 1111 3228 oriebatur
1120 3179 1175 3228 inde
1184 3183 1323 3238 ventorum,
1332 3177 1379 3226 nisi
1388 3181 1514 3239 Eurusque
1524 3179 1656 3238 Notusque.

906 3267 943 3316 lili
951 3271 1046 3327 autem,
1055 3265 1169 3328 quamdiu
1179 3265 1277 3327 quidem
1290 3277 1377 3327 panem
1390 3263 1509 3313 habebant
1518 3268 1543 3312 et
1556 3264 1640 3312 vinum
1649 3278 1687 3312 ru·

905 3352 1006 3416 brum,]
1017 3353 1108 3402 tamdiu
1117 3352 1220 3402 abobus
1228 3352 1393 3412 abstinebunt,
1402 3351 1526 3414 cupientes
1536 3351 1625 3400 rictus.

906 3441 953 3491 Sed
962 3455 1038 3504 quum
1049 3441 1098 3502 jum
1108 3440 1186 3491 euasi
1196 3441 1397 3490 absumtaesseut
1406 3439 1494 3487 viatica
1502 3438 1595 3498 omum,
1613 3493 1616 3502 γ

906 3528 1061 3578 tumdamum
1068 3527 1174 3590 praedam
1181 3527 1343 3589 sequebantur
1349 3526 1457 3588 palantes
1464 3524 1615 3584 necessitate,

811 3643 813 3646 -
906 3613 1370 3678 pisoes‚aresque,carasquodcunque
1379 3613 1500 3661 inmanus
1509 3611 1631 3671 venisset,

906 3702 974 3751 unels
981 3701 1074 3750 hamis:
1085 3700 1187 3750 vexabat
1197 3713 1253 3748 vero
1263 3705 1371 3749 ventrem
1381 3697 1464 3747 lumea.

906 3792 969 3839 Tum
977 3801 1035 3838 vero
1043 3801 1087 3848 ego
1095 3800 1138 3849 per
1147 3787 1249 3835 insulam
1258 3786 1360 3845 secessi,
1369 3789 1396 3833 ut
1409 3783 1456 3833 diis

906 3875 1077 3938 supplicarem,
1086 3874 1107 3922 si
1116 3873 1170 3935 quis
1179 3873 1237 3921 milri
1249 3872 1311 3921 ιίειιι
1320 3874 1464 3932 montraret,
1473 3869 1620 3919 utradirem.

906 3962 953 4012 Sed
961 3975 1036 4025 quum
1043 3961 1092 4022 ianr
1101 3960 1255 4024 peninsulam
1264 3959 1385 4021 pmtectus
1393 3957 1549 4007 declinassem
1558 3956 1667 4016 asociis,

906 4049 1016 4098 manibus
1024 4049 1094 4110 lotis,
1104 4048 1145 4097 ubi
1154 4053 1264 4110 receptus
1272 4051 1323 4096 erat
1331 4050 1441 4106 a·rento,

906 4136 1070 4200 supplicabam
1079 4136 1191 4186 omnibus
1199 4134 1259 4196 diis,
1268 4134 1309 4196 qui
1320 4133 1451 4195 olympum
1459 4131 1580 4193 babitanl;

906 4224 931 4273 bi
941 4238 998 4274 rero
1005 4224 1061 4273 inde
1070 4224 1127 4272 milri
1137 4223 1231 4272 dulcem
1240 4234 1353 4282 somnum
1361 4219 1481 4283 palpebris
1490 4217 1606 4268 infudere.

906 4311 1054 4373 Eurylochus
1063 4315 1143 4360 autem
1153 4310 1224 4359 sociis
1232 4309 1289 4358 mali
1297 4312 1381 4357 auctor
1389 4306 1482 4357 exstitit
1490 4305 1602 4355 consilii:

937 4395 1023 4447 Audite
1031 4408 1098 4445 meos
1106 4407 1243 4453 sermones,
1252 4394 1314 4443 mals
1328 4394 1438 4456 quamvis
1451 4393 1584 4455 patientes,
1595 4390 1668 4441 socii:

905 4497 989 4533 omnes
997 4482 1095 4545 quidem
1106 4481 1192 4531 inrisa·
1199 4485 1262 4532 sunt
1270 4484 1359 4530 mortes
1368 4480 1461 4529 miseris
1471 4479 1624 4541 mortalibus,

906 4572 1034 4621 lunarem
1043 4570 1204 4620 miserrimum
1212 4571 1250 4618 est
1258 4568 1319 4617 mori
1328 4572 1353 4617 et
1360 4568 1436 4616 tatum
1444 4567 1568 4629 consequi.

906 4659 955 4711 sed
963 4659 1038 4721 agite,
1047 4657 1111 4708 Solis
1120 4657 1193 4706 boum
1201 4655 1292 4705 abactis
1301 4654 1412 4717 optimis,

906 4746 1091 4797 sacrificabimus
1100 4743 1287 4802 immortalibus,
1297 4741 1339 4803 qui
1348 4741 1435 4790 emlum
1444 4740 1519 4790 latum
1528 4739 1645 4790 habitunt.

905 4835 930 4884 si
940 4846 998 4884 vero
1007 4834 1032 4881 in
1041 4833 1147 4883 ithacam
1155 4829 1348 4893 pervenerimus,
1357 4827 1459 4892 patriam
1468 4831 1570 4889 turum,

905 4920 986 4969 stetim
997 4919 1045 4970 Soli
1055 4917 1184 4980 Hyperioni
1192 4915 1332 4979 opulentum
1343 4914 1458 4977 templum

905 5013 1039 5066 suuemus;
1049 5009 1074 5055 et
1082 5005 1232 5067 imponemus
1240 5002 1339 5052 donaria
1346 5001 1423 5052 multa
1431 5007 1456 5052 et
1464 5001 1582 5065 pretiosa;

904 5095 942 5146 sin
950 5097 1031 5144 autem
1040 5092 1189 5155 aliqnantum
1197 5091 1272 5140 iratus
1280 5089 1396 5140 obbores
1403 5089 1621 5151 eredismmibus,

905 5177 1528 5244 narernvelitparderc,sullrageutur‹yuediiceteri,
