3570 5932
375 416 552 477 ΙΛΙΑΔΟΣ
576 417 607 477 Β.

99 565 132 603 σε
141 547 199 605 ἀλλ’
210 546 364 615 ἀλαπαδνὸς
373 546 427 620 ίην,
436 552 535 629 παῦρος
544 545 571 606 δέ
580 550 604 608 nl
615 547 702 609 εἵπετο
710 548 781 618 λαός.

181 635 219 694 Οἳ
225 637 249 694 δ’
258 635 310 718 ἄρα
318 635 431 717 Νίσυρόν
438 638 461 694 τ’
470 627 549 716 εἶχον,
557 634 733 719 Κράπαθόντε
739 637 830 699 Κάσον
836 660 875 711 τε,

145 722 189 779 καὶ
198 726 271 794 Μῶν,
284 723 450 804 Εὐρυπύλοιο
458 722 543 795 πόλιν,
553 722 645 796 νήσους
654 748 683 784 τε
694 722 841 794 Καλύδνας·

144 814 196 867 τῶν
206 802 241 868 αύ
251 808 400 878 Φείδιππός
409 835 437 869 τε
446 813 491 870 καὶ
500 807 618 894 Ἀντιφος
627 813 790 891 ἡγησάσθην,

145 900 284 958 Θεσσαλοῦ
295 889 335 957 υἷε
344 897 398 957 δύω
407 897 582 980 ’Μρακλείδαο
592 899 709 968 ἄνακτος·

104 1004 132 1041 aso
140 992 189 1051 τοῖς
199 982 227 1042 δέ
237 983 377 1065 τριήκοντα
387 985 518 1068 γλαφυραί
528 983 582 1054 νέες
590 985 753 1067 ἐστιχόωντο.

184 1073 242 1129 Νῦν
253 1063 369 1144 αύτούς,
379 1071 453 1131 ὅσσοι
462 1071 492 1130 τὸ
502 1072 669 1151 Πελασγικόν
678 1071 770 1157 Ἀργος
779 1073 873 1149 ἔναιον,

144 1157 168 1217 oi
173 1161 196 1217 τ’
206 1155 297 1232 Ἀλον,
307 1159 334 1218 οί
341 1162 364 1218 τ’
375 1158 498 1232 Ἀλόπην,
508 1158 536 1219 οί
542 1184 571 1218 τε
581 1163 693 1243 Τρηχῖν’
703 1161 833 1241 ἐνέμοντο,

144 1244 168 1304 el
172 1249 195 1304 τ’
207 1239 281 1327 εἶχον
290 1247 379 1320 Φθίην
389 1250 430 1319 ἡδ’
444 1247 562 1308 Ἑλλάδα
573 1248 773 1329 καλλιγύναικα·

150 1335 314 1416 Μυρμιδόνες
323 1333 351 1394 δὲ
361 1337 488 1394 καλεῦντο
497 1336 542 1394 καί
551 1333 684 1408 ’Ἕλληνες
693 1338 738 1396 καί
749 1338 861 1420 Ἀχαιοί·

109 1443 133 1479 ιιι
140 1427 184 1480 τῶν
196 1414 233 1481 αὖ
242 1424 406 1496 πεντήκοντα
416 1427 481 1483 νεῶν
490 1415 522 1495 ήν
531 1423 611 1506 ἀρχδς
620 1424 763 1505 Ἀχιλλεύς.

145 1510 208 1569 Ἀλλ’
219 1509 271 1589 οἵγ’
280 1514 310 1570 ὠ
320 1509 446 1590 πολίμοιο
456 1510 576 1591 δνςηχίος
585 1511 723 1591 ἐμνώοντο·

144 1597 229 1679 ώγδρ
239 1598 294 1670 ἐην,
305 1596 370 1666 δςτις
379 1622 439 1681 σφιν
448 1599 492 1658 ἐπί
501 1597 594 1679 στίχας
603 1598 742 1676 ἡγήσαιτο.

145 1689 219 1746 Kaira
224 1684 277 1769 γὰρ
288 1690 314 1745 ἐν
324 1687 415 1759 νήεσσι
426 1685 559 1769 ποδάρκης
569 1688 621 1754 δῖος
631 1686 779 1767 Ἀχιλλεύς,

144 1771 233 1854 κούρης
240 1771 374 1852 χωόμενος
383 1771 521 1855 Βρισηίδος
530 1771 671 1852 ἡῦκόμοιο,

110 1860 180 1933 ιιι-,ἡν
188 1865 219 1921 ἐκ
229 1866 367 1943 Λυρνησοῦ
376 1859 502 1933 ἐξείλετο,
511 1860 598 1920 πολλδ
607 1861 741 1942 μογήσας,

146 1948 275 2028 Λυρνησδν
284 1947 462 2030 διαπορθήσας
470 1947 516 2006 καί
525 1945 615 2028 τείχεα
625 1948 728 2022 Θήῦης

146 2035 187 2095 εδδ
201 2035 229 2096 δέ
244 2036 348 2108 Μύνητ’
363 2035 458 2095 ἔθαλεν
470 2035 517 2094 καί
527 2035 704 2119 Ἐπίστροφον
718 2035 869 2118 ἐγχεσιμώ-

147 2122 208 2190 υίίας
219 2126 333 2195 Εὐηνοῖο
343 2121 516 2196 Σεληπιάδαο
525 2123 644 2191 ἄνακτος
784 2127 868 2208 [ρους,

146 2213 183 2281 τῆς
191 2208 236 2288 όγι
246 2211 311 2267 κεῖτ’
322 2209 419 2290 ἀχέων,
428 2208 498 2290 τάχα
510 2210 533 2268 δ’
544 2208 720 2282 ἀνστήσεσθαι
729 2211 847 2291 ἔμελλεν.

114 2313 138 2352 οε
177 2295 214 2357 Oi
223 2299 246 2355 δ’
256 2287 329 2376 εἶχον
338 2295 468 2368 Φυλάκην
478 2295 524 2355 καί
533 2294 659 2378 Πύρασον
669 2298 843 2377 ἀνθεμόεντα,

146 2384 277 2467 Δήμητρος
285 2383 406 2463 τίμενος,
415 2381 513 2445 Ἴτωνά
524 2408 568 2457 τι,
579 2383 680 2468 μητέρα
691 2386 792 2464 μήλων,

146 2471 265 2551 ἀγχίαλόν
273 2475 297 2531 τ’
307 2473 426 2554 hepar
436 2471 484 2543 ἠδὲ
493 2471 609 2531 Πτελεὸν
618 2473 767 2553 λεχεποίην·

144 2565 188 2619 τῶν
196 2552 231 2620 ab
240 2560 428 2642 Πρωτεσίλαος
437 2559 539 2642 Ἀρήῖος
549 2559 718 2639 ἡγεμόνευεν,

145 2647 201 2717 ζωὸς
209 2648 268 2708 ἐών·
279 2647 339 2708 τότε
350 2650 372 2707 δ’
383 2648 434 2720 ήδη
446 2646 505 2728 ἐχεν
515 2647 583 2706 κάτα
593 2655 658 2727 γαῖα
668 2648 790 2727 μίλαινα.

111 2752 136 2791 :a
144 2739 191 2796 Τοῦ
202 2735 286 2796 δέκαθ
296 2733 463 2819 ἀμφιδρυφὴς
473 2735 568 2815 ἄλοχος
577 2734 692 2816 Φυλάκῃ
702 2735 853 2811 ε’λίλειπτο,

145 2824 184 2882 καὶ
193 2823 272 2902 δόμος
281 2823 417 2902 ἡμιτελής·
427 2823 473 2882 τὸν
483 2824 505 2881 δ’
516 2821 608 2881 ἔκτανε
618 2822 752 2905 Δάρδανος
761 2824 837 2909 ιἰνήρ,

143 2910 195 2981 νηὸς
204 2911 409 2992 ἀποθρώσκοντα
419 2908 487 2969 πολὺ
496 2910 644 2992 πρώτιστον
654 2911 775 2991 Ἀχαιῶν.

143 2997 204 3057 Ούδέ
214 2998 264 3076 μὲν
272 3000 327 3058 οὐδ’
336 3001 361 3058 ol
371 2997 480 3079 ἄναρχοι
490 2997 562 3070 ἐσαν,
571 2995 665 3056 πόθεόν
674 3021 704 3078 γε
714 2997 763 3077 μὲν
770 3000 865 3082 ἀρχόν,

143 3085 293 3168 ἀθέσμοις
302 3083 421 3163 κόσμησε
432 3084 579 3166 Ποδάρκης,
590 3084 645 3153 ὄζος
654 3080 761 3168 Ἀρηος,

107 3187 133 3227 ha
142 3171 252 3254 Ἰφίκλου
262 3172 316 3239 υίὸς
325 3171 481 3250 πολυμήλου
491 3171 664 3244 Φυλακίδαο,

142 3259 356 3339 αὐτοκασίγνητος
365 3258 518 3339 μεγαθύμου
529 3259 731 3342 Πρωτεσιλάου,

142 3346 273 3429 ὁπλότερος
282 3353 368 3429 γενεῇ·
379 3353 394 3407 θ
404 3351 426 3408 δ’
437 3348 489 3430 ἄρα
498 3347 623 3431 πρότερος
631 3349 677 3408 καί
686 3349 789 3432 ἀρείων,

140 3436 202 3517 ἡρυς
210 3437 398 3518 Πρωτεσίλαος
407 3435 516 3518 Ἀρήϊος·
528 3435 587 3496 οὐδέ
595 3460 625 3496 τε
633 3437 694 3496 λαοί

140 3522 228 3583 δεύονθ’
239 3521 381 3602 ἡγεμόνος,
390 3522 483 3584 πόθεον
494 3521 522 3582 δε’
532 3547 577 3602 μιν
586 3523 677 3583 ἐσθλὸν
688 3523 772 3583 ἐόντα·

104 3627 131 3670 ho
139 3615 201 3694 τῷδ’
212 3613 269 3691 ἅμα
278 3612 476 3695 τεσσαράκοντα
487 3611 611 3690 μίλαιναι
620 3617 680 3684 νῆες
690 3611 791 3673 ἕποντο.

174 3700 209 3760 Οἳ
218 3698 247 3759 δὲ
256 3699 345 3781 Φερὰς
355 3699 476 3778 ἐνέμοντο
485 3698 568 3781 παραὶ
578 3698 706 3771 Βοιῦηίδα
716 3701 821 3779 λίμνην,

138 3787 231 3861 Βοίύην
240 3787 286 3847 καί
296 3785 438 3869 Γλαφύρας
446 3785 492 3846 καί
502 3784 656 3863 ἐϋκτιμένην
666 3788 800 3849 Ἰαωλκόν·

136 3880 184 3935 τῶν
194 3868 253 3958 M
264 3875 404 3953 Ἀδμήτοιο
413 3873 486 3957 φίλος
494 3882 557 3941 παῖς
566 3873 657 3945 ἕνδεκα
667 3880 744 3950 νηῶν,

137 3961 270 4042 Εὔμηλος,
280 3962 325 4021 τὀν
335 3964 380 4021 ὑπ’
390 3961 512 4044 Ἀδμήτῳ
521 3959 581 4019 τέκε
591 3962 634 4019 δια
645 3968 786 4040 γυναικῶν,

98 4064 126 4106 ιιι
135 4046 283 4123 Ἄλκηστις,
294 4049 397 4111 Πελίαο
406 4052 540 4131 θυγατρῶν
550 4039 617 4114 εἶδος
626 4048 729 4131 ἀρίστη.

170 4139 206 4198 Oi
215 4140 238 4198 δ’
249 4139 300 4221 ἄρα
311 4137 444 4211 Μηθώνην
453 4136 498 4196 καί
507 4138 669 4218 Θαυμαγίην
678 4138 814 4218 ἐνέμοντο,

135 4226 176 4284 καὶ
184 4225 332 4286 Melitara
342 4225 403 4307 ἔχον
412 4225 457 4284 καί
467 4225 597 4294 Ὀλιζῶνα
607 4234 741 4336 τρηχεῖαν·

134 4318 181 4372 τῶν
191 4313 219 4373 δὲ
229 4312 398 4386 Φιλοκτήτης
408 4305 498 4396 ἦρχεν,
507 4310 588 4381 τόξων
600 4335 629 4370 ευ
640 4311 729 4386 είδὼς,

134 4399 196 4459 {aab
204 4405 278 4460 νεῶν·
289 4399 377 4483 ἐρίται
386 4402 408 4460 δ’
420 4404 447 4460 ἐν
457 4399 555 4471 ἑκάστη
565 4399 729 4472 πεντήκοντα

92 4505 122 4545 τε)
133 4488 293 4566 ἐμῦέῦασαν,
303 4487 385 4558 τόξων
395 4480 424 4548 ιύ
435 4464 578 4570 εἰδότεςίφι
589 4486 731 4568 μάχεσθαι.

132 4576 197 4637 Ἀλλ’
208 4582 223 4636 θ
233 4576 282 4655 μὲν
291 4580 318 4636 ἐν
326 4577 399 4659 νήσῳ
407 4585 479 4636 κεῖτο
488 4574 591 4659 κρατέρ’
604 4576 686 4656 ἄλγεα
696 4576 817 4659 πάσχων,

131 4664 230 4747 Λήμνῳ
238 4668 266 4725 ἐν
274 4662 392 4744 ἠγαθέῃ,
402 4662 441 4724 dtr
452 4688 496 4742 μιν
505 4663 580 4723 λίπον
590 4655 643 4732 υἷες
652 4664 773 4745 Ἀχαιῶν,

130 4752 201 4812 ἶλκεῖ
211 4752 369 4834 μοχθίζοντα
379 4757 454 4836 κακῷ
463 4752 614 4836 ὀλοόφρονος
625 4752 712 4836 ῦδρου·

129 4840 178 4900 ἔνθ’
187 4840 233 4920 όγε
241 4842 307 4900 κεῖτ’
318 4838 413 4920 τἐχέων·
423 4838 494 4920 τάχα
505 4838 532 4899 δέ
543 4839 688 4918 μνήσεσθαι
698 4841 808 4919 ἔμελλον

89 4947 116 4986 τε
128 4929 236 5011 Ἀργεῖοι
245 4927 321 5009 παρὰ
331 4926 406 5000 νηυσί
415 4927 587 4999 Φιλοκτήταο
596 4927 715 4996 ἄνακτος.

127 5015 198 5078 uiti
208 5015 257 5095 μίν
264 5018 319 5076 οὐδ’
330 5020 354 5076 ot
364 5015 473 5098 ἄναρχοι
483 5015 556 5089 ἔσαν,
565 5013 658 5075 πόθεόν
667 5039 698 5095 γε
708 5015 756 5095 μίν
765 5014 855 5099 ἀρχόν·

128 5093 196 5163 ἀλλὰ
206 5103 303 5164 Μέδων
312 5101 456 5181 κόσμησεν,
466 5103 574 5175 Ὀἴλῆος
583 5099 654 5170 νόθος
662 5101 731 5178 υίδς,

126 5191 171 5251 τόν
181 5195 202 5274 ρ’
214 5192 302 5252 ἔτεκεν
313 5191 394 5264 Ῥήνη
404 5194 448 5251 ὑπ’
458 5191 550 5263 'othir'
558 5190 733 5273 πτολιπόρθῳ.

1206 426 1376 489 roranrs
1397 394 1438 490 rr.
1662 438 1698 495 aa

919 551 961 601 sed
971 551 1073 603 imbellis
1082 558 1145 615 erat,
1154 567 1292 619 penusque
1300 570 1357 607 eum
1366 557 1512 621 saqsrabatur
1520 560 1631 623 populus.

949 640 997 698 Qui
1005 654 1061 689 vero
1071 642 1233 706 Nisyrumque
1241 644 1368 705 tenebant,
1379 648 1589 712 crapathumque,
1599 653 1701 701 casum·

917 726 986 790 que,]
1003 733 1027 776 et
1037 731 1241 793 coon,Eorypyli
1251 731 1348 792 urbem,
1358 733 1498 798 insulasque
1507 737 1647 800 Calydnae:

918 813 955 862 his
964 815 1144 879 Phidippusque
1153 823 1177 868 et
1188 819 1308 880 Antiphus
1317 825 1447 884 preerant,

918 902 1026 951 Thessali
1037 904 1079 952 atii
1090 904 1152 966 duo,
1163 906 1296 956 Heraclida
1306 908 1380 969 regim

918 989 1002 1039 horum
1014 996 1094 1040 auton
1107 993 1202 1054 triginta
1211 1008 1277 1044 cavae
1286 1009 1361 1046 naves
1369 997 1537 1048 ordineibnnt

948 1081 968 1128 N
971 1093 1016 1126 une
1026 1093 1082 1128 aero
1092 1080 1163 1140 istos,
1178 1086 1296 1144 quotquot
1306 1084 1454 1146 Pelasgicum
1464 1090 1539 1147 Argos
1549 1086 1701 1150 habitabant,

916 1165 1006 1227 quiquo
1016 1167 1088 1226 alon,
1100 1168 1190 1230 quique
1199 1169 1301 1232 alopen,
1313 1171 1404 1235 quique
1413 1173 1530 1222 Trachina
1539 1174 1663 1235 uolebant,

916 1253 1006 1315 quique
1015 1255 1125 1304 tenebant
1132 1256 1245 1306 Phthiam
1253 1262 1277 1306 et
1284 1258 1382 1307 hellada
1389 1260 1706 1321 pulcrasmullereshaben-

916 1344 964 1387 tem
971 1340 989 1402 3]
1006 1342 1168 1402 Myrmidones
1178 1348 1259 1393 autem
1270 1345 1416 1395 vocabantur
1423 1352 1447 1396 et
1454 1348 1565 1398 tlellenes
1572 1355 1597 1398 et
1603 1351 1699 1400 hohaei:

916 1427 1095 1491 horum'utiqne
1104 1431 1277 1493 quinquaginta
1286 1433 1389 1482 mribus
1398 1439 1449 1483 erat
1460 1435 1511 1484 dux
1520 1437 1634 1487 Achilles

915 1517 1005 1563 Verum
1017 1516 1042 1564 hi
1052 1530 1100 1565 non
1109 1517 1165 1566 belli
1177 1518 1294 1569 horrisoni
1306 1521 1509 1572 recordabantur:

915 1615 962 1650 non
973 1603 1036 1652 enim
1046 1608 1109 1664 erat,
1121 1605 1163 1667 qui
1174 1605 1239 1669 ipsos
1248 1620 1292 1669 per
1303 1608 1400 1658 ordines
1412 1609 1516 1659 duceret.

913 1689 1013 1738 tacebat
1023 1691 1086 1740 enim
1096 1692 1128 1740 ad
1140 1706 1214 1742 nores
1226 1693 1411 1756 pedibus-velox
1423 1697 1520 1748 divinus
1530 1699 1650 1763 Achilles,

913 1776 1056 1839 obpuellam
1069 1779 1145 1829 hatus
1156 1780 1264 1830 Briseida
1275 1782 1464 1845 pulcriscomis,

913 1879 987 1927 quam
998 1880 1027 1916 ex
1041 1871 1159 1930 Lyrnesso
1170 1875 1281 1933 ceperat,
1293 1872 1397 1920 multum
1407 1873 1533 1937 laborans,

914 1955 1059 2014 Lyrnessam
1068 1954 1228 2019 depopulatus
1240 1962 1263 2007 et
1276 1972 1358 2008 muros
1368 1960 1464 2010 Thebes
1476 1977 1482 2010 ε

912 2054 997 2090 aerum
1009 2047 1034 2091 et
1045 2047 1142 2105 biyneta
1151 2044 1236 2106 (iejeoit
1245 2053 1269 2095 et
1279 2046 1451 2110 Epistrophum
1460 2048 1599 2110 bellicosos,

912 2127 973 2178 filios
983 2132 1071 2191 Eveni,
1079 2131 1212 2194 Selepiadae
1222 2133 1283 2194 regis
1294 2149 1299 2182 :

911 2215 1024 2266 obistam
1035 2218 1056 2266 is
1065 2219 1159 2280 jacebat
1169 2233 1284 2283 maerens,
1295 2221 1343 2270 cito
1354 2228 1436 2272 autem
1446 2228 1605 2274 seeracturus
1615 2231 1673 2276 erat

943 2305 1039 2368 Quique
1049 2307 1161 2357 tenebant
1172 2309 1303 2370 Phylacen,
1313 2315 1337 2358 et
1349 2313 1467 2371 Pyrasom
1479 2311 1602 2374 floridam,

911 2393 1003 2443 Cereris
1012 2393 1209 2456 saermmlocum,
1222 2399 1350 2460 ltonaquc,
1360 2402 1462 2447 matrem
1472 2399 1570 2461 ovium,

910 2481 1103 2544 maritimamque
1113 2487 1231 2543 Annona,
1243 2488 1268 2533 et
1280 2483 1387 2532 Pteleum
1397 2485 1525 2534 herbosam
1538 2500 1545 2536 ε

910 2568 997 2617 horum
1006 2568 1090 2631 otique
1102 2571 1248 2619 Protesilaus
1259 2569 1386 2620 bellicosus
1396 2572 1520 2636 duxerat,

910 2656 982 2705 vivus
991 2655 1112 2706 dumerat
1124 2673 1129 2706 :
1140 2661 1197 2706 tunc
1208 2671 1266 2708 vero
1273 2659 1323 2720 jam
1335 2659 1431 2709 machal
1440 2673 1499 2710 ειιιιι
1509 2665 1571 2710 terra
1581 2662 1656 2725 nigra.
1711 2678 1716 2698 ι

909 2744 968 2805 Ejus
978 2749 1059 2793 autem
1069 2745 1345 2808 ambasiaceratagenas
1354 2761 1414 2796 uxor
1424 2749 1538 2810 Phylace
1545 2750 1695 2813 relictaerat,

909 2831 1025 2881 etdomus
1030 2833 1193 2900 semiperfecta
1200 2848 1205 2881 :
1212 2847 1267 2881 enm
1273 2837 1354 2883 antem
1360 2833 1509 2884 interiecerat
1516 2836 1644 2887 Dardanus
1649 2837 1695 2899 air,

908 2919 1010 2969 demae
1019 2920 1168 2970 desilientem
1179 2921 1246 2983 longe
1255 2921 1360 2984 priorum
1372 2922 1525 2973 ballivorum.

908 3011 939 3057 Et
948 3013 1028 3057 tamen
1035 3021 1065 3057 ne
1073 3008 1111 3057 lati
1119 3008 1217 3072 quidem
1226 3008 1346 3058 siaeduee
1353 3013 1429 3072 crant,
1436 3008 1604 3061 desiderabant
1616 3016 1695 3063 tamen

908 3095 995 3144 docem
1002 3096 1104 3159 aarum]
1111 3095 1153 3144 sed
1161 3096 1227 3159 ipsos
1234 3096 1361 3145 ordinabat
1368 3095 1495 3158 Podarces,
1503 3098 1598 3148 soboles
1604 3100 1695 3162 Martis,

908 3184 993 3246 iphicli
1004 3184 1067 3233 trtius
1077 3183 1259 3246 divitis-pecore
1268 3183 1417 3247 Phylacidae,

846 3265 850 3275 '
908 3271 1116 3332 irater-gemianus
1127 3271 1272 3332 magnanimi
1282 3272 1420 3332 Protesilai,

906 3358 984 3419 iunior
993 3363 1051 3407 natu
1062 3374 1068 3407 ι
1079 3359 1119 3408 ille
1129 3372 1186 3407 sero
1197 3362 1255 3408 erat
1265 3359 1407 3420 maior-natu
1419 3363 1445 3409 et
1454 3361 1613 3423 prestantior,

907 3446 977 3495 heros
986 3446 1133 3496 Protesilaus
1142 3446 1269 3495 bellioosus
1280 3462 1286 3494 :
1298 3460 1343 3496 nec
1353 3460 1411 3496 vero
1422 3447 1504 3510 populi
1514 3448 1569 3510 ηἰιε

906 3533 1043 3594 indigebant
1054 3534 1128 3594 duee,
1139 3533 1308 3582 desiderabant
1319 3539 1397 3584 tamen
1408 3535 1488 3598 ipsum
1500 3540 1625 3586 strcomm
1636 3552 1642 3586 ι

906 3622 1059 3670 truncantem
1071 3621 1143 3671 simul
1156 3621 1312 3684 qradraginta
1323 3622 1396 3683 nigrae
1407 3635 1481 3671 naves
1490 3623 1661 3686 sequebantur.

937 3709 984 3766 Qui
995 3723 1051 3758 vero
1062 3710 1153 3759 Pheras
1163 3710 1272 3758 colebant
1281 3709 1346 3772 apud
1356 3709 1470 3759 hoebeida
1481 3709 1573 3771 lacurn,

905 3798 993 3847 namn
1003 3803 1027 3846 et
1039 3798 1185 3859 Glaphyras,
1195 3803 1219 3846 et
1230 3797 1449 3847 nene-adluantur
1459 3799 1562 3848 laoleum
1574 3814 1579 3846 :

905 3886 990 3934 horum
1002 3885 1134 3947 imperabat
1145 3885 1239 3935 Admeti
1251 3885 1355 3934 dilectos
1370 3885 1433 3935 illius
1446 3886 1557 3935 undecim
1574 3885 1690 3948 navibus,

904 3974 1031 4033 Eumelus,
1040 3987 1113 4036 qoem
1122 3987 1151 4022 ex
1162 3973 1263 4023 Admeto
1273 3972 1690 4037 perperitnobilissimaieminarom,

903 4062 1014 4122 armans,
1024 4062 1096 4111 Pelias
1103 4062 1205 4110 siliarum
1217 4062 1292 4110 torma
1302 4061 1508 4123 praestantissima

935 4151 982 4208 Qui
994 4155 1075 4199 autem
1088 4150 1216 4199 htetlronon
1228 4155 1253 4198 et
1264 4149 1440 4198 Tiranmaciam
1450 4148 1574 4208 colebant,

903 4244 927 4288 ot
937 4238 1070 4288 Meliboean
1080 4238 1206 4297 tenebant,
1216 4243 1241 4286 et
1253 4237 1354 4286 Othona
1366 4249 1487 4298 asperam,

903 4327 940 4376 his
950 4327 1093 4376 Philoctetes
1104 4330 1217 4388 praeerat,
1229 4338 1299 4373 arcus
1311 4325 1371 4373 bene
1383 4323 1475 4384 sciens,

902 4419 993 4477 septem
1002 4413 1273 4477 navibus3remigesqne
1282 4413 1305 4461 in
1312 4424 1506 4474 unamquamque
1515 4410 1688 4474 qninquaginta

901 4503 1081 4564 inscenderant,
1092 4515 1162 4552 moos
1173 4501 1346 4551 bene·seientes
1356 4499 1485 4547 ad·iortitor
1496 4501 1659 4561 pugnandum

902 4592 949 4641 sed
959 4592 998 4641 iile
1005 4590 1103 4654 apsidem
1112 4590 1136 4639 in
1146 4590 1224 4639 maula
1230 4588 1325 4650 iaoebat
1334 4588 1441 4648 ingentes
1450 4584 1545 4636 dolores
1555 4588 1686 4650 perferens,

901 4682 991 4729 Lemno
999 4679 1025 4728 in
1034 4678 1129 4738 divina,
1138 4677 1179 4727 ubi
1190 4677 1268 4739 ipsum
1279 4675 1422 4737 reliquerant
1432 4673 1473 4722 salii
1484 4674 1643 4736 Achivorum,

901 4768 981 4817 ulcere
993 4767 1140 4816 laborantem
1151 4769 1212 4813 tetro
1221 4763 1346 4826 perniciosi
1358 4762 1449 4811 colubri
1461 4777 1468 4810 :

900 4856 932 4904 ibi
942 4856 982 4905 ille
989 4855 1084 4917 jacebat
1095 4853 1179 4902 dolens
1191 4867 1197 4900 τ
1208 4852 1257 4901 cito
1265 4855 1346 4901 numm
1356 4850 1501 4901 recordaturi
1511 4853 1578 4899 erant

900 4944 980 5006 Argiai
989 4943 1053 5007 apud
1065 4955 1139 4991 naues
1149 4941 1290 4991 Philoctetae
1299 4940 1369 5002 regis.

899 5036 930 5082 Et
940 5037 1018 5080 maren
1028 5044 1058 5080 ne
1064 5030 1104 5079 isti
1110 5029 1208 5092 quidem
1214 5027 1335 5078 nneduoo
1344 5032 1420 5088 erant,
1428 5024 1595 5076 desiderabant
1602 5028 1684 5075 manen

899 5120 984 5170 ducem
991 5115 1092 5182 munet]
1104 5116 1147 5168 sed
1155 5117 1241 5168 Medon
1248 5116 1428 5176 rosordinabat,
1435 5113 1497 5164 Oilei
1504 5112 1601 5176 spurius
1608 5111 1682 5174 tilios,

899 5220 971 5272 quem
980 5207 1072 5271 peperit
1080 5207 1163 5258 lihena
1174 5220 1203 5257 ex
1215 5206 1283 5257 olleo
1293 5205 1516 5255 urbium-eversore.
1578 5237 1587 5264 ,
