3570 5932
341 447 590 510 ΟΔΥΣΣΕΙΑΣ
615 452 647 511 B.

147 567 323 649 παρφάμενος
332 567 451 629 ἐπέεσσιν
460 569 601 652 έποτρύνης
609 571 790 651 χαλεπαίνειν,

90 673 132 711 mo
147 657 225 735 αὐτῷ
235 654 284 733 μέν
292 659 317 715 οἱ
325 660 428 738 πρῶτον
438 657 618 739 ἀνιηρέστερον
628 657 710 718 ἔσται·

147 740 263 822 [πρῆξαι
272 743 295 801 δ’
305 740 390 820 έμπης
398 742 454 802 eim
463 744 600 815 δυνῆσεται
609 743 695 805 εἵνεκα
703 747 806 825 τῶνδε]

149 828 192 886 σοὶ
203 830 246 901 δέ,
256 827 340 910 γέρον,
350 829 420 901 θωὴν
429 829 586 907 έπιθῆσομεν
595 830 627 902 ῆν
635 831 660 890 κ’
672 832 709 890 toi
719 837 793 914 θυμῷ

148 915 229 973 τίνων
239 917 384 996 ἀσχαλλης·
393 917 511 996 χαλεπὸν
521 916 598 977 δέτοι
607 917 711 978 έσσεται
721 920 808 998 ἄλγος.

148 1002 306 1084 Τηλεμάχῳ
316 1005 338 1062 δ’
348 1008 375 1063 έν
384 1011 464 1063 πᾶσιν
475 1002 541 1082 έγδιν
551 1005 716 1084 ἀποθήσομαι
727 1005 810 1074 αύτύς·

94 1107 133 1146 ias
150 1087 245 1171 μητέρ’
255 1089 300 1161 έῆν
309 1089 441 1173 έςπατρδς
450 1090 573 1169 ἀνωγέτω
582 1092 744 1153 ἀπονέεσθαι·

149 1179 175 1234 οἱ
185 1175 258 1234 δέ’
223 1200 308 1255 γαμον
314 1177 430 1246 τεύξουσι
439 1177 485 1237 καλ
494 1177 658 1260 ἀρτυνέουσιν
669 1179 742 1240 έεδνα

147 1262 320 1342 πολλάμόλζ
330 1264 397 1324 dccc
408 1264 476 1324 ἀοικε
486 1266 563 1347 φίλης
573 1267 616 1325 ἐπὶ
624 1267 717 1334 παιδος
726 1266 843 1328 έπιοθαι.

148 1353 190 1411 Οὐ
200 1350 296 1460 γάρπρ
295 1352 475 1412 λνπαύσεσθαι
483 1352 571 1464 ἀιομαι
581 1345 655 1423 υἷας’
651 1359 759 1434 Αχαυῖνν

148 1462 281 1516 μνηοτυος
289 1439 425 1521 ἀργαλέης
436 1440 531 1500 έπελ
502 1465 590 1500 ουτινα
600 1441 713 1519 δείδιμεν
724 1441 824 1520 έμιιης,

92 1544 135 1585 σου
149 1526 205 1585 οὔτ’
215 1518 260 1586 ουν
268 1528 437 1608 Τηλεμαχον,
446 1528 519 1606 μάλα
529 1552 563 1588 πι
565 1529 736 1610 ρπολύμυθον
745 1529 828 1591 iisse·

148 1613 209 1673 οὔτε
221 1614 376 1695 θεοπροπίης
384 1615 486 1693 έμπαζ
488 1619 554 1694 μεθ’,
564 1552 634 1687 ῆν
608 1639 640 1674 συ
647 1614 768 1697 ,,γιραιθ

148 1699 244 1776 μυθέαι
254 1701 409 1810 ἀκράαντον,
418 1701 578 1781 ἀπεχθάνεαι
589 1701 611 1760 δ’
622 1700 660 1761 ίτι
670 1704 778 1778 μᾶλλον.

144 1779 360 1867 Χρῆςναταδ
325 1793 511 1868 αυτεκακῶςβ
496 1787 671 1868 βεύρόιοεται,
682 1789 800 1850 οὐδέποτ
801 1782 862 1851 ’ἶσα

147 1873 254 1933 έσσεται
259 1873 424 1957 ,ῆόφρακιν
464 1875 644 1957 διατρίύησιν’
640 1874 756 1955 Αχαιοθς

95 1980 133 2020 toa
146 1960 220 2019 ἀν’
185 1985 279 2040 γαμον
287 1968 363 2041 ἡμεῖς
373 1963 394 2022 δ’
405 1899 629 2041 afmde‘ppevot
639 1962 778 2039 ἤματα
740 1987 843 2038 ποντα,

146 2048 276 2107 εἵνεκ’
243 2074 289 2120 της
298 2053 414 2131 ἀρετῆςέ
416 2050 573 2130 ρ,ιδαίνομιν
583 2048 644 2109 otii
654 2073 704 2127 μετ
704 2050 802 2120 ’ἄλλας

146 2135 268 2217 έρχόμεθ
278 2137 308 2204 ἀς
317 2137 427 2204 ἐπιεικές
436 2137 559 2215 ὀπυιέμεν
568 2137 640 2196 ἐστὶν
649 2136 761 2220 ἑκάστῳ.

186 2225 242 2285 Τον
252 2217 320 2284 δ’
286 2249 320 2284 αυ
329 2223 488 2303 Τηλέμαχος
496 2224 657 2302 πεπνυμένος
666 2198 753 2285 ἀντίάν
763 2225 840 2298 adiu·

147 2311 286 2392 Εὐρύμαχ’
295 2310 342 2383 ἠδέ
353 2312 398 2370 καὶ
407 2312 495 2383 ἄλλοι,
505 2310 561 2371 ὅσοι
571 2317 717 2457 μνηστῆρες
727 2314 834 2391 ἀγαυοὶ,

100 2415 133 2454 uo
144 2402 230 2455 ταῦτα
241 2395 289 2475 μέν
297 2400 347 2478 οὐχ
357 2397 438 2474 ύμέας
449 2397 488 2456 ἔτι
495 2397 659 2474 λίσσομαι’
633 2422 663 2458 ου
665 2397 825 2480 δ’ἀγορεύω·

144 2485 196 2555 ἤδη
206 2483 258 2594 γθρ
267 2483 300 2544 τά
311 2485 384 2544 ίσασι
393 2483 446 2544 θεολ
454 2485 500 2543 καὶ
508 2484 604 2552 πάντες
615 2485 724 2564 Ἀχαιοί.

145 2570 247 2630 Ἀλλ’
229 2595 277 2650 αγε
287 2595 331 2648 μοι
340 2570 439 2630 δότε
407 2594 458 2641 νηα
468 2570 529 2642 θοὴν
540 2595 585 2630 και
574 2571 673 2630 εἶκοσ’
684 2572 813 2654 ἑταίρους,

144 2657 210 2717 οίκέ
219 2682 263 2736 μοι
273 2657 332 2717 ένθα
341 2658 386 2716 καί
398 2658 458 2717 ένθα
470 2657 653 2739 διαπρήσσωσι
663 2658 792 2719 κέλευθον.

144 2738 212 2823 Ε’έμι
222 2745 274 2828 γδρ
283 2750 308 2812 ές
317 2745 443 2828 Σπάρτην
451 2769 480 2803 τε
491 2769 536 2805 και
526 2681 571 2815 ’ρᾶς
581 2747 671 2805 Πύλον
680 2745 844 2824 ἠμαθόεντα,

97 2854 130 2893 tis
142 2833 402 2911 νόστονπευσύμινος
409 2832 549 2914 πατρδςδῆ
551 2833 728 2912 νοίχομένοιο·

142 2923 225 2995 ῆντές
234 2946 279 3000 μοι
288 2923 377 3002 είπησι
390 2919 525 3004 βροτῶν,ῆ
508 2919 617 2992 ῆόσσαν
628 2920 732 2982 ἀκούσω

142 3014 173 3071 ἐκ
182 3010 260 3083 Διδς,
268 3009 315 3081 ἥτε
327 3009 442 3088 μάλιστα
453 3007 525 3090 φέρει
534 3007 608 3076 κλέος
617 3009 797 3091 ἀνθρώποισιν.

146 3101 182 3160 Ei
192 3097 241 3176 μέν
249 3121 295 3156 κεν
302 3096 400 3177 πατρὸς
410 3095 496 3175 βίοτον
505 3096 551 3154 καί
560 3096 650 3156 νόστον
660 3096 779 3170 ἀκούσω,

142 3177 193 3258 ἦτ’
205 3186 246 3258 ἀν,
254 3183 412 3267 τρυχόμενός
420 3207 484 3265 περ,
494 3183 532 3243 έτι
542 3183 636 3256 τλαίην
646 3184 771 3245 ένισυτόν·

89 3293 128 3333 σου
140 3276 165 3333 cl
175 3271 206 3332 δέ
214 3296 243 3332 κε
252 3276 393 3344 τεθνηῶτος
402 3270 506 3330 ἀκούσω
517 3273 577 3348 μηδ’
590 3270 624 3330 ἴτ’
636 3270 733 3343 έόντος,

141 3359 272 3430 νοστήσας
281 3357 313 3430 δὴ
324 3357 414 3417 ἔπειτα
424 3357 502 3439 φίλην
512 3361 538 3423 ές
547 3358 663 3440 πατρίδα
672 3367 751 3436 γαῖαν

141 3444 219 3522 σῆμά
227 3443 257 3503 τέ
265 3448 289 3503 oi
298 3442 370 3524 χεύω
378 3443 424 3501 καὶ
433 3443 476 3502 ἐπὶ
484 3442 578 3525 κτέρεα
587 3441 710 3525 κτερεΐξω

141 3529 229 3590 πολλὰ
237 3531 312 3608 μάλ’,
321 3529 388 3589 θσοα
397 3529 480 3601 ἀοικε,
491 3531 536 3588 καὶ
546 3529 618 3612 ἀνέρι
630 3530 731 3612 μητέρα
743 3532 829 3592 δύσω.

184 3614 264 3678 Ἤτοι
273 3617 353 3696 όγίθς
361 3614 441 3675 εἰπὼν
451 3619 509 3675 κατ’
517 3616 557 3698 ἀρ’
567 3615 645 3686 ἵζετο.
656 3621 733 3678 Τοῖσι
741 3621 763 3678 θ’
775 3619 870 3693 ἀνέστη

89 3726 127 3764 res
141 3705 262 3788 Μέντωρ,
272 3703 299 3773 ἀς
309 3705 331 3788 ῥ’
341 3705 471 3775 Ὀδυσῆος
480 3705 612 3782 ἀμύμονος
621 3696 667 3776 ῆεν
676 3709 789 3786 ἑταῖρος,

140 3793 188 3853 καί
195 3797 219 3853 οἱ
228 3792 275 3852 tio
284 3797 312 3853 έν
320 3790 410 3863 νηυσὶν
417 3791 557 3872 ἀπέτρεπεν
567 3783 637 3850 οἶκον
648 3792 765 3864 ἅπαντα,

139 3880 276 3941 πείθεσθαί
284 3903 313 3938 τε
322 3878 423 3960 γέροντι
432 3879 477 3937 καλ
486 3878 589 3957 ἔμπεδα
597 3878 685 3938 πάντα
694 3879 844 3961 φυλάσσειν·

140 3968 157 4027 ἀ
166 3992 228 4051 σφιν
238 3966 381 4049 έθφρονέων
390 3966 542 4047 ἀγορήσατο
550 3967 596 4024 καὶ
606 3965 750 4044 μετέειπεν·

181 4053 300 4114 Ιίέκλυτε
310 4053 342 4125 δὴ
352 4059 396 4111 νῦν
408 4077 471 4131 μευ,
482 4053 639 4126 Ἰθακήσιοι,
648 4051 705 4113 ἀττι
713 4078 758 4116 κον
767 4054 841 4116 εἶπεν·

89 4164 126 4204 mo
139 4141 219 4224 μῆτις
228 4140 266 4200 έτι
276 4140 413 4223 πρόφρων,
423 4140 517 4219 ἀγανὸς
526 4140 572 4198 καλ
580 4141 656 4212 ῆπιος
665 4139 733 4202 lam

140 4233 305 4307 σκηπτούχος
316 4225 450 4308 βασιλεύς,
461 4226 528 4304 μηδὲ
539 4228 628 4309 φρεσίν
638 4228 733 4307 αἴσιμα
741 4228 829 4304 είδῶς,

139 4319 199 4375 ἀλλ’
209 4315 262 4374 αἰεί
270 4313 388 4395 χαλεπός
396 4317 419 4372 τ’
430 4314 470 4387 εἴη
480 4315 526 4373 καὶ
536 4315 633 4374 αίσυλα
644 4314 720 4397 ῥέζοι.

137 4403 190 4470 Ὧς
199 4402 268 4469 ούττς
277 4400 409 4480 μέμνηται
419 4402 564 4472 Ὀδυσσῆος
573 4401 650 4462 θείοιο

137 4493 221 4561 λαῶν,
231 4481 296 4548 οἶσιν
306 4489 418 4562 ἄνασσε,
427 4487 515 4570 πατὴρ
525 4490 547 4546 δ’
558 4488 593 4555 ὣς
601 4489 678 4560 ἤπιος
688 4479 742 4561 ῆιν.

89 4597 125 4636 aas
139 4577 210 4636 Ἀλλ’
221 4578 279 4648 ἤτοι
289 4581 439 4657 μνηστῆρας
449 4574 643 4658 ἀγῆνοραςούτι
655 4576 774 4658 μεγαίρω

138 4663 223 4746 ἔρδειν
232 4661 295 4744 ἔργα
308 4663 381 4742 βίαια
390 4663 584 4746 κακορραφίῃσι
592 4661 669 4722 νόοιο·

138 4749 206 4896 ozie
214 4749 265 4832 γδρ
274 4749 431 4832 παρθέμενοι
441 4749 557 4832 κεφαλδς
565 4748 703 4809 κατέδουσι
714 4748 803 4828 βιαίως

138 4860 154 4896 ο
182 4859 210 4895 ον
221 4837 380 4909 Ὀδυσσῆος,
390 4837 434 4895 τδν
446 4839 467 4895 δ’
478 4835 564 4895 οὐκέτι
574 4834 638 4917 φασί
646 4833 757 4894 νέεσθαι.

139 4926 195 4984 Νῦν
206 4925 227 4982 δ’
239 4924 311 5005 ἀλλῳ
320 4924 397 5006 δῆμιρ
407 4923 590 5002 νεμεσίζομαι,
600 4914 652 4981 οἷον
662 4922 775 4990 ἅπαντας

89 5030 127 5072 uo
138 5003 197 5084 ἧσθ’
208 5010 289 5093 άνειρ,
300 5011 366 5092 ἀτδρ
375 5010 431 5070 ούτι
440 5009 633 5087 καθαπτόμενοι
642 5008 762 5072 ἐπέεσσιν

139 5097 784 5270 orout

1174 458 1388 524 ODYSSEAE
1413 464 1456 525 11.

921 575 1047 639 deceptum
1057 577 1137 628 verbis
1147 579 1282 632 incitaveris
1293 582 1497 645 adirasceadum,

921 663 943 711 ei
955 663 1050 725 quidem
1061 663 1105 725 ipsi
1114 666 1218 727 primum
1228 668 1383 730 perniciosius
1393 671 1436 719 erit
1446 686 1453 730 ς

922 747 1023 811 [efficere
1032 756 1112 800 autem
1122 754 1218 802 omnino
1228 755 1285 804 nihil
1295 757 1384 819 poteris
1394 757 1487 807 illorum
1496 758 1571 820 gratia
1582 759 1599 824 ι]

921 836 965 885 tibi
976 850 1047 899 vero,
1057 852 1146 900 senex,
1156 840 1269 891 mulctam
1278 843 1425 906 indigemus,
1435 858 1507 908 quum
1516 846 1541 895 iu
1549 846 1629 897 eninm

921 922 989 973 inens
998 926 1130 987 aegrescens
1142 940 1148 974 :
1161 928 1288 991 gravisque
1297 930 1341 980 tibi
1351 932 1396 980 erit
1407 931 1483 981 doior.

921 1011 1062 1061 Telemacho
1070 1019 1150 1063 eutem
1159 1016 1184 1064 iu
1192 1016 1277 1078 prinus
1285 1030 1328 1079 ego
1337 1017 1442 1067 suadebo
1453 1021 1504 1082 ipse
1517 1035 1524 1068 ι

921 1100 1020 1147 matrem
1030 1112 1099 1148 suam
1107 1101 1138 1151 ad
1145 1103 1219 1166 patris
1231 1102 1334 1152 domrrm
1342 1103 1424 1164 iubeat
1433 1105 1524 1166 redire3

921 1183 943 1231 ei
954 1197 1011 1234 vero
1021 1185 1056 1234 ibi
1066 1188 1161 1250 nuptias
1172 1189 1270 1249 facient,
1280 1195 1305 1240 et
1314 1192 1430 1254 peribunt
1439 1192 1521 1243 dotem

920 1272 1024 1335 amplam
1034 1273 1117 1334 vaide,
1127 1281 1240 1339 quantam
1249 1283 1361 1330 convenit
1370 1292 1450 1328 caram
1458 1279 1531 1329 filiam
1541 1281 1658 1333 comitari.

920 1365 972 1412 Non
982 1363 1046 1413 enim
1054 1369 1123 1414 anna
1134 1367 1257 1429 quieturos
1268 1371 1327 1429 puto
1337 1366 1397 1415 filios
1406 1367 1551 1418 achivorum

919 1448 1147 1509 aconjugii-ambitu
1157 1450 1271 1510 molesto;
1281 1452 1337 1514 qcria
1344 1453 1462 1503 neminem
1468 1455 1582 1505 timemus
1591 1457 1697 1518 omnino,

919 1547 963 1583 uec
971 1548 1028 1585 saue
1037 1536 1219 1599 Telemachum,
1229 1537 1298 1587 redde
1306 1539 1361 1588 iicet
1371 1540 1526 1605 multiloquus
1535 1543 1567 1592 sit
1577 1559 1583 1592 :

918 1635 996 1684 neque
1005 1623 1145 1672 vaticinium
1154 1637 1280 1686 curamus,
1292 1626 1356 1688 quod
1366 1631 1407 1686 tu,
1417 1641 1489 1678 senex
1499 1665 1507 1688 ,

918 1709 1023 1772 loqueris
1032 1710 1124 1759 irritum
1133 1726 1140 1770 ;
1149 1711 1261 1761 odioeris
1270 1717 1350 1763 autem
1360 1713 1438 1762 adhue
1448 1716 1530 1777 magis.

917 1799 983 1846 Bona
992 1811 1049 1846 vero
1057 1810 1141 1846 rursus
1149 1798 1211 1847 maie
1220 1799 1383 1860 absumentur,
1394 1814 1471 1863 neque
1480 1817 1585 1866 unquam
1594 1807 1660 1870 paria

917 1889 1000 1945 erunt,
1010 1884 1068 1934 dum
1077 1885 1129 1935 hoec
1139 1886 1281 1950 (Penelope)
1293 1887 1388 1937 diderat
1399 1890 1504 1940 Achivos

918 1973 968 2021 suis
977 1973 1077 2035 nuptiis;
1086 1986 1131 2023 nos
1141 1986 1198 2023 vero
1206 1988 1299 2036 rursum
1308 1980 1475 2039 exspectantes
1480 1978 1567 2030 diebus
1571 1980 1695 2043 mundius,

917 2065 1013 2122 propter
1022 2060 1135 2111 virtutem
1145 2061 1326 2123 contendimus,
1335 2077 1414 2127 neque
1424 2064 1455 2114 ad
1464 2064 1524 2115 alius

916 2145 993 2205 imus,
1003 2159 1064 2208 ques
1072 2147 1216 2197 conueniens
1226 2146 1313 2196 ducere
1321 2152 1359 2197 est
1367 2149 1505 2213 unicuique.

947 2234 1017 2281 Hunc
1026 2238 1106 2282 autem
1115 2247 1199 2282 rursus
1209 2234 1476 2297 Telemachusprudcns
1485 2240 1566 2287 eonim
1573 2237 1699 2289 allocutus-

1639 480 1692 531 307

916 2323 954 2368 est
962 2318 978 2381 z]
988 2320 1137 2381 Eurymache
1145 2326 1217 2383 utque
1225 2320 1265 2370 aiii
1275 2327 1393 2384 quotquot
1402 2324 1467 2386 proci
1477 2327 1536 2374 estis
1544 2327 1650 2388 generosi
1658 2362 1665 2386 ,

916 2405 1009 2455 de-istis
1018 2407 1116 2469 quidem
1125 2422 1173 2457 nou
1183 2421 1226 2457 uos
1235 2409 1339 2471 emplius
1347 2423 1404 2471 oro,
1415 2424 1493 2472 neque
1501 2413 1647 2465 concinnos:

914 2491 1012 2554 jamjam
1022 2494 1085 2543 enim
1095 2495 1147 2544 hmo
1157 2496 1236 2544 scium
1244 2495 1277 2544 dii
1286 2501 1311 2546 et
1320 2510 1405 2546 omnes
1415 2498 1510 2547 Achivi.

915 2581 963 2630 sed
972 2594 1015 2642 age
1024 2581 1084 2631 mihi
1093 2581 1148 2631 date
1157 2595 1243 2631 nereca
1253 2583 1355 2632 celerem
1365 2620 1372 2645 ,
1381 2588 1407 2635 et
1416 2584 1500 2647 viginti
1510 2586 1603 2647 socios,

915 2681 957 2732 qur
951 2668 1025 2717 mihi
1034 2669 1089 2718 irino
1097 2673 1122 2720 ct
1130 2669 1194 2718 illino
1202 2674 1367 2732 pertranseant
1377 2671 1442 2720 riam
1450 2675 1541 2722 murts.

915 2754 1052 2808 Proficiscar
1062 2756 1125 2805 enim
1134 2757 1160 2805 in
1168 2760 1275 2819 spartam
1288 2758 1345 2806 etin
1355 2758 1440 2820 Pylum
1448 2772 1587 2821 arenosam,

914 2843 1018 2893 reditum
1026 2844 1190 2893 sciscitaturus
1199 2844 1274 2907 patris
1284 2843 1326 2893 diu
1335 2845 1456 2904 absentis,
1560 2851 1568 2865 ·

914 2929 935 2979 si
945 2931 1000 2993 quie
1009 2930 1068 2979 mihi
1078 2930 1141 2979 dicet
1150 2930 1300 2992 mortalium,
1310 2936 1352 2980 aut
1362 2945 1482 2998 mucorem
1492 2932 1588 2984 andim

914 3030 945 3068 ex
956 3019 1030 3076 Jove,
1040 3029 1096 3079 que
1104 3017 1256 3079 potissimum
1266 3017 1312 3066 ieri
1322 3018 1410 3067 famam
1420 3018 1564 3069 hominibus.

914 3103 938 3153 si
948 3103 1045 3165 quidem
1053 3103 1128 3165 petris
1136 3104 1212 3153 vitam
1221 3108 1245 3153 et
1254 3104 1357 3153 reditum
1367 3104 1494 3167 audivero,

914 3203 985 3251 sane,
995 3196 1097 3240 rexatus
1109 3191 1178 3253 iicet,
1188 3192 1267 3241 adhuc
1275 3192 1454 3255 perduraverim
1463 3193 1585 3244 inannum
1596 3209 1602 3243 :

913 3278 935 3327 si
945 3292 1002 3329 vero
1012 3282 1133 3328 monunm
1143 3278 1271 3340 audivero,
1280 3292 1359 3343 neque
1368 3280 1470 3343 amptius
1479 3281 1648 3343 superstitem,

912 3364 1081 3426 reversusjam
1090 3364 1234 3415 indecorem
1243 3364 1267 3414 iu
1278 3367 1380 3430 patriam
1390 3371 1492 3429 mnam,

914 3452 1032 3501 tumulum
1042 3451 1076 3501 illi
1084 3465 1206 3514 aggerem,
1215 3456 1240 3501 et
1248 3454 1380 3517 parentalia
1388 3453 1509 3519 perficiam

912 3537 1028 3599 plurimo,
1038 3543 1127 3600 quanta
1136 3538 1217 3599 decet,
1227 3543 1252 3588 et
1261 3540 1313 3588 viro
1323 3545 1422 3589 matrem
1431 3540 1507 3602 dabo,

943 3625 985 3674 iiie
994 3625 1092 3687 quidem
1101 3625 1136 3674 sie
1144 3625 1240 3676 loeutus
1248 3627 1364 3677 consedit.
1374 3628 1419 3677 iiis
1429 3632 1511 3680 autem
1519 3628 1623 3681 annexit

912 3714 1018 3773 Mentor,
1028 3713 1069 3774 qui
1079 3712 1172 3773 Ulyssis
1181 3713 1262 3762 eximii
1272 3718 1323 3763 erat
1332 3713 1435 3775 sodalis;
1499 3755 1503 3763 .

911 3803 936 3847 et
945 3803 968 3847 ts
978 3798 1000 3848 ei
1009 3798 1160 3861 proficiscens
1169 3799 1193 3848 iu
1205 3799 1320 3860 naribus,
1329 3800 1651 3861 communionum,

911 3892 1104 3950 utquepa'rerent
1116 3887 1176 3950 seni,
1185 3892 1210 3937 et
1218 3887 1270 3950 ipse
1279 3888 1347 3938 firme
1355 3888 1435 3938 omnia
1444 3889 1592 3941 custodiret:

911 3975 1021 4038 qui-ipsis
1030 3974 1198 4038 benecupieus
1206 3974 1408 4024 concionatus-est
1416 3978 1441 4025 et
1451 3973 1513 4024 dixit
1523 3989 1529 4022 ι

941 4062 1028 4112 Audite
1034 4062 1084 4124 inm
1092 4074 1220 4122 numme,
1230 4061 1380 4122 ithacenses,
1390 4061 1641 4124 quodcunqoedixeeo
1652 4077 1659 4111 :

910 4162 941 4200 ue
949 4151 1005 4214 quis
1013 4149 1116 4214 amplius
1125 4149 1253 4211 benignus,
1262 4153 1402 4199 mansuetus
1411 4153 1436 4198 et
1444 4148 1511 4198 mitis
1520 4149 1552 4201 sit

910 4238 1038 4302 sceptriger
1047 4251 1103 4298 rex,
1116 4249 1193 4300 neque
1202 4240 1282 4286 mente
1289 4234 1355 4297 iuste
1361 4235 1453 4297 sciens,

911 4325 954 4375 sed
963 4338 1057 4388 semper
1065 4323 1216 4387 difficilisque
1226 4322 1272 4383 sit,
1283 4326 1309 4374 et
1317 4322 1405 4386 injusta
1414 4320 1493 4372 faciat

910 4402 976 4464 adeo
985 4412 1065 4463 nudus
1075 4410 1212 4463 recordatur
1219 4410 1312 4474 Ulyssis
1321 4409 1396 4459 divini

909 4500 1014 4561 civium,
1024 4494 1112 4562 quibus
1120 4497 1230 4562 praefuit,
1240 4501 1354 4562 paterque
1363 4496 1429 4546 reiut
1437 4495 1504 4546 mitis
1512 4500 1570 4546 erat.

909 4589 999 4639 veum
1008 4587 1129 4638 euinvero
1137 4597 1223 4650 procos
1232 4585 1348 4648 superbos
1356 4595 1507 4648 nequaquam
1516 4581 1612 4635 invideo

909 4674 1057 4726 committere
1064 4674 1167 4724 tadoora
1177 4672 1281 4722 violenta
1291 4669 1475 4721 malis-consiliis
1484 4669 1571 4720 meniis
1581 4685 1588 4718 :

909 4775 953 4813 sua
960 4763 1024 4812 euim
1033 4762 1179 4824 obiectantes
1187 4759 1266 4822 capita
1274 4756 1403 4808 comeduut
1410 4756 1526 4808 violenter

908 4849 1007 4900 domum
1016 4848 1125 4910 Ulyssis,
1135 4859 1207 4909 quem
1216 4844 1375 4907 non-amplius
1385 4848 1471 4907 putant
1480 4842 1683 4898 rediturmesse.

907 4938 976 4987 Nunc
986 4941 1066 4986 autem
1076 4939 1154 4986 cetero
1162 4932 1251 4996 populo
1260 4944 1403 4994 succenseo,
1412 4929 1547 4996 quod-adeo
1556 4943 1640 4984 omues

908 5022 1010 5073 sedeatis
1019 5021 1092 5081 muti,
1101 5034 1130 5071 ao
1139 5020 1278 5083 uentiqmm
1286 5018 1422 5070 adorientes
1430 5017 1512 5069 verbis

907 5110 1030 5175 panciores
1039 5121 1124 5172 procos
1136 5107 1304 5172 compescatis,
1316 5106 1386 5161 multi
1395 5105 1541 5172 quum-sitis

909 5217 914 5226 ·
937 5199 1007 5248 nunc
1013 5202 1094 5248 annm
1103 5194 1250 5248 ltrenorides
1257 5195 1381 5252 leemites
1388 5197 1470 5246 contra
1479 5192 1642 5245 edocatus-est
1654 5206 1661 5240 :

1565 5281 1598 5321 αο.
