3570 5932
145 389 397 459 oemunt
422 401 456 449 h.

89 517 105 574 r'
116 513 270 593 Οὐλύμποιο
278 515 400 598 καρήνων
410 515 513 586 ἀίξασα·

89 603 153 674 άκης
161 603 198 661 ἐνί
209 603 285 685 δήμῳ
297 604 341 662 ἐπὶ
349 605 484 687 προθύροις
494 607 635 679 Ὀδυσῆος,

94 692 206 751 αὐλείου·
215 692 326 770 παλάμῃ
337 693 359 750 δ’
370 692 413 771 ἔχε
422 692 535 772 χάλκεον
545 693 634 774 ἔγχος,

89 778 173 860 ξείνῳ,
183 779 292 861 Ταρίιυν
301 779 424 861 ἡγήτορι,
436 781 535 860 Μέντη.

89 890 121 947 ρα
131 870 281 946 μνηστῆρας
290 865 427 946 ἀγήνορας·
437 870 461 926 οἱ
470 866 517 946 μίν
528 867 618 927 ἔπειτα

89 953 242 1035 προπάροιθε
251 953 353 1033 θυρσίων
364 954 444 1030 θυμὸν
455 953 570 1036 ἔτερπον,

95 1045 185 1122 ῥινοῖσι
196 1044 272 1119 βοῶν,
282 1041 325 1107 οὓς
337 1039 443 1099 ἔκτανον
451 1042 533 1101 αὐτοί.

89 1129 107 1186 δ’
118 1131 219 1186 αὐτοῖσι
228 1127 273 1186 καί
282 1127 386 1210 ὀτρηροί
396 1129 550 1211 θεράποντες

98 1206 164 1273 όίνον
174 1214 280 1293 ἔμισγον
289 1215 326 1274 tot
335 1218 463 1297 κρητῆρσι
472 1216 517 1274 καί
527 1215 610 1297 ὕδωρ,

96 1302 232 1381 σπόγγοισι
241 1303 426 1384 πολυτρήτοισι
435 1303 566 1385 τραπέζας

89 1391 245 1471 προτίθεντο,
256 1389 292 1448 ίδὲ
302 1389 366 1473 κρέα
375 1391 461 1450 πολλὰ
471 1393 601 1450 δατεῦντο.

98 1475 165 1534 πολὺ
174 1481 274 1558 πρῶτος
282 1475 321 1534 tte
330 1475 488 1557 Τηλέμαχος
497 1479 618 1551 θεοειδής·

90 1569 116 1624 ἔν
127 1569 287 1646 μνηστῆρσι,
297 1564 370 1645 ρίλον
379 1564 528 1642 τετιημένος
537 1557 614 1649 ήτορ,

89 1651 191 1733 ςπατέρ
202 1652 291 1711 ἐσθλὸν
301 1652 338 1711 ἐνί
348 1652 447 1733 ρρεσίν,
458 1652 558 1711 εέποθεν
568 1653 649 1713 ἐλθὼν

89 1764 111 1798 ιν
120 1744 172 1798 τῶν
182 1737 229 1816 μέν
238 1737 361 1797 σκέδασιν
371 1738 441 1797 κατδ
450 1737 560 1817 δώματα
571 1741 640 1815 θείη,

88 1827 152 1894 ιύτὸς
162 1826 217 1907 ἔχοι
227 1826 272 1884 καὶ
281 1826 412 1903 κτήμασιν
422 1818 487 1885 οἷσιν
497 1826 614 1887 ἀνάσσοι.

89 1939 130 1986 ne,
140 1919 286 1994 μνηστῆρσι
296 1914 452 1991 μεθήμενος,
463 1914 532 1980 είςιδ’
542 1915 669 1988 Ἀθήνηνῇ

89 2000 251 2084 ;προθύροιο,
261 2001 408 2078 νεμεσσήθη
421 2001 443 2059 δ’
454 2001 490 2059 ἐνί
500 2005 587 2082 θυμῷ,

89 2089 110 2148 h
120 2088 225 2171 θύρῃσιν
236 2091 388 2169 ἐρεστάμεν·
397 2087 485 2167 ἐγγύθι
495 2088 523 2147 δί
532 2085 595 2156 στίις

89 2175 212 2258 δεξιτερὴν
220 2177 266 2233 καί
275 2175 379 2244 ἐδέξατο
388 2175 500 2255 χάλκεον
510 2175 599 2255 ἔγχος,

89 2266 181 2335 ονήσας
191 2264 255 2323 ἔπεα
264 2262 405 2345 πτερόεντα
414 2262 555 2345 προσηύδα·

89 2403 90 2415 ,
101 2352 179 2425 ξεῖνε,
194 2355 257 2433 παρ’
268 2351 337 2428 ἄμμι
352 2350 483 2431 φιλήσεαι·
495 2350 578 2433 αύτάρ
588 2351 678 2414 ἔπειτα

89 2439 233 2516 πασάμενος
243 2439 371 2516 μυθήσεαι
381 2436 453 2496 ὅττεό
465 2462 494 2497 σε
503 2439 565 2520 χρή.

89 2527 129 2586 πίεν
139 2527 230 2606 ἡγεῖθ’,
240 2532 257 2598 ή
268 2526 289 2585 δ’
300 2526 393 2585 ἕσπετο
404 2527 513 2593 Παλλάς
524 2527 625 2600 Ἀθήνη.

89 2616 114 2686 δή
125 2615 147 2697 ρ’
157 2614 272 2674 ἔντοσθεν
283 2612 344 2672 ἔσαν
354 2611 433 2690 δόμου
447 2616 569 2694 ὑψηλοῖο,

94 2703 116 2784 ρ’
126 2701 219 2774 ἔστησε
229 2699 313 2783 φέρων
322 2698 386 2781 πρὸς
394 2699 468 2758 κίονα
479 2701 593 2783 μακρήν,
631 2720 634 2724 “

89 2814 106 2862 ης
116 2789 232 2849 ἔντοσθεν
241 2788 342 2860 ἐῦξόου,
352 2787 412 2846 ἔνθα
420 2809 470 2870 περ
480 2787 548 2847 άλλα

89 2882 177 2949 ισσῆος
185 2875 372 2957 ταλασίρρονος
380 2873 471 2933 ίστατο
479 2874 574 2933 πολλά·

88 2963 196 3046 ςθρόνον
205 2955 274 3022 εἷσεν
283 2963 363 3043 ἅγιον,
376 2965 426 3020 barb
434 2964 495 3022 λῖτα
505 2961 639 3031 πετάσσας

89 3052 196 3111 ιδάλεον·
207 3051 257 3110 ὑπὸ
267 3049 294 3110 ii
304 3056 395 3132 θρῆνυς
404 3050 481 3110 ποσίν
491 3042 544 3122 ήιν.

90 3140 133 3207 τός
142 3139 252 3216 κλισμὸν
263 3138 321 3198 θέτο
328 3138 456 3211 ποικίλον,
467 3138 570 3199 ἔκτοθεν
580 3140 666 3200 ἀλλων

89 3252 118 3285 ιν·
129 3226 166 3305 μὴ
177 3226 255 3295 ξεῖνος
264 3225 376 3298 ἀνιηθείς
382 3227 534 3307 ὀρυμαγδῷ,

89 3314 203 3387 δήσειεν,
214 3313 396 3396 ὑπερφιάλοισι
406 3311 546 3390 μετελθὼν,

89 3428 98 3460 ν
108 3403 167 3483 περί
176 3402 274 3485 πατρός
283 3400 468 3481 ἀποιχομένοιο
478 3400 570 3481 ἔροιτο.

89 3491 99 3541 ‚⁹
110 3489 256 3571 ἀμφίπολος
264 3488 370 3571 προχόῳ
379 3487 487 3567 ἐπέχευε
500 3488 627 3570 ρέρουσα,

89 3575 163 3653 ισείιη,
173 3580 238 3658 ύπίρ
248 3573 381 3658 ἀργυρέοιο
389 3574 511 3648 λε’όητσς,

92 3661 165 3744 παρά
175 3662 202 3721 δέ
213 3661 303 3733 ξεσιήν
313 3661 437 3720 ἐτάνυσσε
447 3660 588 3742 τράπεζαν.

91 3749 156 3822 ἰδοίη
165 3748 248 3826 ταμίη
257 3747 389 3829 παρέθηκε
400 3748 526 3830 φέρουσα,

89 3836 121 3894 h'
133 3840 249 3896 ἐπιθεῖσα
256 3881 264 3908 ,
272 3834 430 3918 χαριζομένη
440 3833 598 3917 παρεόντων·

90 3921 102 3980 ἔ
111 3927 203 4004 κρειῶν
211 3922 323 3991 πίνακας
331 3921 477 4004 παρέθηκεν
487 3921 575 4004 ἀείρας

98 4010 172 4092 παρά
181 4010 209 4071 δέ
218 4035 263 4093 opt
275 4011 340 4070 τίθει
349 4008 458 4091 χρύσεια
468 4009 609 4090 κύπελλα]

89 4100 188 4158 ,ὗτοῖσιν
197 4098 258 4175 θάμ’
269 4095 386 4179 ἐπῴχετο
396 4096 557 4176 οἰνοχοεύων.

89 4177 155 4256 ίλθον
166 4191 311 4268 μνηστῆρες
322 4185 453 4267 ἀγήνορες·
464 4189 488 4244 oi
499 4182 546 4263 μὲν
557 4183 647 4243 ἔπειτα

89 4277 121 4331 rio
130 4272 199 4332 κατά
208 4272 333 4351 κλισμούς
342 4297 369 4332 τε
380 4271 481 4354 θρόνους
490 4296 527 4331 τε.

89 4359 186 4442 ,ήρυκες
196 4359 243 4438 μέν
252 4359 321 4442 ύδωρ
335 4361 378 4418 ἐπὶ
387 4370 476 4443 χεῖρας
487 4359 588 4439 ἔχευαν·

89 4447 156 4525 uolui
165 4447 323 4530 παρενήνεον
334 4453 360 4507 έν
369 4448 506 4507 κανέοισιν·

89 4540 214 4616 ιρηιῆρας
224 4533 400 4614 ἐπεστέψαντο
409 4542 507 4593 ποτοῖο.

89 4621 171 4683 ῖνείαθ
182 4628 274 4701 ἔτοῖμα
283 4623 443 4705 προκείμενα
453 4631 543 4704 χεῖρας
552 4623 651 4683 ἴαλλον.

89 4708 102 4766 i
111 4707 199 4777 πόσιος
208 4710 254 4769 καί
263 4708 368 4782 ἐδητύος
378 4708 404 4777 ἔξ
415 4708 471 4790 ἔρον
481 4708 537 4768 ἕντο

89 4804 200 4867 ;,τοῑσιν
210 4795 257 4875 μίν
267 4797 304 4855 ἐνί
313 4795 402 4877 ρρεσίν
412 4795 479 4853 ἀλλα
490 4795 617 4873 μεμήλει,

89 4883 208 4964 ίρχηστύς
216 4908 254 4942 τε·
263 4883 297 4943 eir
306 4883 356 4965 γάρ
365 4883 388 4941 τ’
398 4883 553 4961 ἀναθήματα
564 4881 658 4952 δαιτός.

89 4973 110 5028 ίν
118 4970 208 5051 χερσὶν
217 4970 319 5052 κίθαριν
328 4967 487 5052 περικαλλέα
499 4974 577 5041 θῆκεν

89 5081 99 5125 ς
108 5060 131 5139 ρ’
141 5058 211 5131 ήειδε
221 5057 295 5140 παρά
305 5062 466 5138 μνηστῆρσιν
476 5056 587 5137 ἀνάγκη·

89 5144 164 5216 είζων
174 5145 331 5205 ἀνεόιίλλετο
340 5144 421 5204 καλὸν
431 5144 533 5203 ἀείδειν.

967 392 1180 454 ODYSSEAE
1205 394 1230 454 1.
1444 407 1499 457 tit

723 519 852 571 Descendit
859 524 940 572 autem
948 521 980 573 ab
988 521 1084 586 olympi
1094 521 1222 573 retidbus
1230 523 1339 574 concita:

724 609 837 670 stetitque
845 608 934 659 lthscea
942 608 1065 672 lnpopulo
1073 607 1104 657 ad
1113 610 1258 659 vestibulum
1269 612 1375 672 ulyssis,

724 696 805 746 limine
813 697 838 745 ln
847 696 921 756 sulam
932 709 1004 746 manu
1013 709 1072 747 vero
1080 697 1177 748 tenebat
1186 711 1273 749 aeream
1283 700 1390 761 motam,

725 784 809 834 similis
818 783 919 847 hospiti,
929 784 1075 848 Tapbionrm
1084 784 1191 846 ductori,
1201 789 1297 836 Μεοῖαν.

724 872 864 934 lnvenltque
874 871 928 921 indo
936 885 1022 935 procos
1031 872 1147 935 superbos
1157 888 1164 921 ε
1175 874 1199 922 bi
1208 874 1305 938 quidem
1314 879 1366 926 tum

724 960 779 1008 talis
788 965 844 1008 ante
850 958 948 1020 ianuam
957 959 1062 1009 animum
1071 959 1237 1022 oblectabant,

725 1047 835 1097 sedentes
843 1046 868 1097 in
877 1046 979 1110 pellibus
988 1048 1074 1108 mum,
1083 1061 1144 1110 quoa
1153 1049 1288 1100 occiderant
1297 1051 1350 1114 ipsi.

724 1137 850 1185 Praroones
860 1147 916 1184 vero
924 1134 983 1198 ipsis
991 1139 1016 1184 et
1025 1135 1100 1185 seduli
1111 1136 1205 1197 famuli,

724 1222 762 1270 alii
772 1222 869 1285 quidem
878 1222 961 1271 alnum
972 1222 1104 1272 miscebant
1112 1223 1136 1272 in
1145 1225 1276 1275 crateribus
1285 1230 1310 1276 et
1317 1239 1419 1289 squam,

724 1309 763 1358 alii
772 1315 853 1359 autem
865 1310 971 1372 spongiis
979 1310 1107 1360 multiioris
1115 1325 1212 1361 menses

723 1396 899 1459 abstergebant,
906 1402 931 1447 et
937 1398 1097 1460 apponebant,
1105 1403 1128 1447 et
1135 1412 1219 1448 waes
1225 1399 1314 1449 multas
1320 1398 1504 1451 distrlboebant.

753 1486 821 1533 tiarae
830 1498 887 1534 vero
896 1483 964 1546 longe
974 1485 1066 1547 primus
1075 1486 1135 1535 vidit
1144 1485 1302 1537 Telemachus
1311 1488 1464 1552 deoslmiiis3

723 1571 821 1620 sedebat
830 1562 892 1621 enim
903 1571 964 1621 inter
973 1585 1071 1635 procos,
1081 1587 1137 1622 raro
1147 1579 1249 1624 meatus
1259 1574 1345 1635 eorde,

722 1672 822 1709 cernens
831 1663 921 1721 patrem
930 1663 1055 1709 shenuum
1064 1660 1090 1709 in
1099 1665 1192 1720 mente,
1202 1661 1223 1710 si
1232 1661 1342 1712 alicunde
1351 1663 1450 1714 veniens

722 1761 847 1810 procomm
856 1747 953 1810 quidem
961 1747 1132 1811 dispersionem
1141 1748 1257 1811 peredeo
1267 1750 1366 1812 iaceret,

723 1836 836 1884 lroncrem
845 1839 925 1884 autem
935 1835 986 1898 ipse
995 1835 1107 1896 luberet,
1116 1840 1142 1885 et
1151 1836 1220 1886 bonis
1228 1837 1279 1886 suis
1289 1837 1426 1900 imperaret.

722 1925 781 1971 llaec
789 1920 908 1984 rogitans,
918 1922 997 1984 procis
1005 1921 1128 1980 assidens,
1136 1924 1231 1986 aspexit
1240 1925 1387 1986 Minervam

721 2010 813 2072 ivitque
822 2013 887 2059 reeta
895 2009 1092 2069 ad·eestlbulum;
1101 2009 1268 2072 indignabatur
1277 2024 1335 2062 vero
1343 2013 1368 2062 ln
1377 2013 1469 2074 εοῖεοο,

722 2098 840 2161 hospitem
849 2097 890 2147 diu
900 2097 1033 2160 adjanuam
1043 2103 1106 2148 stare
1117 2113 1123 2146 ε
1135 2112 1208 2162 prope
1216 2105 1298 2149 autem
1308 2106 1388 2162 stans,

721 2198 819 2235 manum
829 2185 954 2248 prehendit
962 2185 1086 2246 dextram,
1095 2190 1121 2235 et
1129 2187 1221 2249 accepit
1230 2201 1317 2237 aeream
1327 2188 1422 2239 hastam
1427 2224 1436 2251 ,

721 2277 746 2321 et
754 2272 831 2335 ipsam
840 2273 986 2335 compellans
995 2273 1074 2322 verbis
1084 2273 1153 2323 alaha
1162 2274 1343 2324 allocutnsest:

752 2360 928 2423 Salvehnspes3
937 2375 951 2410 a
960 2360 1030 2410 nobis
1039 2361 1251 2424 amice-excipieris
1262 2377 1268 2410 :
1279 2376 1308 2412 ac
1317 2363 1404 2415 deinde

645 2507 647 2509 ¹
721 2449 901 2498 coenareteotus
909 2447 1267 2511 loqueris‚quidtibiopus·sit.

753 2535 865 2585 Sicinius
874 2535 987 2599 praeibat,
998 2535 1190 2598 sequebaturque
1199 2536 1278 2585 Pallas
1287 2537 1402 2587 Minerva.

721 2624 758 2673 lili
768 2637 825 2672 aero
834 2637 908 2685 quum
915 2623 965 2684 jam
975 2624 1037 2672 intra
1045 2623 1144 2672 domum
1153 2628 1234 2672 essent
1244 2625 1378 2686 excelsam,

721 2712 815 2760 tractam
824 2711 921 2773 quidem
931 2710 1094 2763 Telemachus
1099 2711 1183 2760 statuit
1191 2711 1504 2764 ierensadcolumnamlon·

720 2812 773 2861 gam
781 2798 798 2862 ,l
808 2798 869 2847 intra
877 2797 1006 2847 armarium
1015 2796 1199 2860 bene-pohtum;
1207 2798 1250 2848 ubi
1258 2798 1357 2861 quidem
1365 2800 1419 2850 alise

721 2886 797 2936 hastae
806 2885 899 2948 Ulyssis
908 2884 1100 2935 audentlsanimi
1110 2886 1205 2935 stabant
1214 2887 1311 2946 multam

720 2974 797 3039 ipsam
804 2973 989 3024 veroadsellam
996 2973 1087 3023 ducens
1093 2973 1253 3035 sedereiecit‚
1261 2975 1367 3037 stragulo
1373 2974 1503 3036 substrato,

720 3062 816 3124 pulcro,
824 3061 952 3111 amiticioso
963 3075 969 3108 :
980 3061 1026 3110 snb
1035 3060 1185 3123 pedibusque
1194 3061 1327 3111 scabellum
1334 3066 1393 3111 erat.

719 3152 794 3199 Juxta
802 3153 882 3198 autem
891 3149 943 3212 ipse
952 3148 997 3198 sibi
1006 3147 1081 3197 sedile
1089 3148 1169 3211 posuit
1177 3148 1270 3197 vanum
1276 3183 1284 3210 ,
1294 3155 1404 3198 morsum
1411 3148 1503 3199 abillis

719 3235 812 3299 proeis;
821 3250 852 3286 ne
861 3236 992 3299 hospitem,
1002 3235 1121 3284 cilensum
1130 3235 1250 3295 tumultu,

719 3323 824 3373 convivii
833 3323 945 3383 taederet,
954 3320 1175 3372 euneinsolentibus
1182 3333 1337 3382 mugressum
1343 3356 1352 3382 ,

719 3416 792 3474 atque
801 3416 828 3460 ut
837 3410 916 3474 ipsum
923 3410 954 3460 de
962 3414 1030 3473 petre
1038 3408 1137 3457 absente
1147 3408 1310 3470 interrogaret.

720 3497 1009 3562 iquamveroancillaex
1018 3496 1141 3558 gutturnio
1150 3497 1307 3559 profundebat
1317 3496 1409 3558 tereus,
1430 3495 1436 3508 “

719 3586 816 3649 pulcro,
826 3597 912 3646 aureo,
922 3598 994 3647 super
1003 3589 1141 3645 amerrteum
1150 3583 1252 3633 lebetem
1258 3586 1276 3642 ,'

719 3672 1027 3734 εθ·1ονεοιῖυιυ;]υειιιηιιο
1036 3671 1133 3733 politam
1143 3671 1227 3718 stravit
1236 3683 1352 3720 mensam.

720 3765 809 3812 Panem
818 3773 876 3810 vero
886 3757 1019 3809 veneranda
1029 3769 1113 3820 prensa
1120 3757 1232 3819 apposuit
1242 3757 1334 3817 ferens,

719 3847 808 3897 fercula
814 3843 1343 3909 multaspponens,lurgiensde·praesentibus
1351 3844 1502 3907 (amium

720 3936 820 3999 [mquus
828 3937 910 3984 εσῖεοι
918 3932 1026 3982 carnium
1035 3931 1114 3980 larices
1123 3931 1234 3994 apposuit
1242 3931 1348 3981 elevatas

718 4023 911 4084 omnigenarum,
920 4024 993 4084 atque
1002 4019 1061 4082 ipsis
1070 4017 1205 4082 apponebat
1214 4030 1286 4068 aurea
1294 4017 1380 4082 pocula
1391 4018 1410 4082 :l

719 4122 798 4172 praeco
806 4121 864 4157 vero
872 4120 914 4157 eos
923 4106 1007 4157 εειίυίο
1015 4105 1097 4155 obibat
1105 4104 1339 4156 vinum-iniundena.

749 4195 918 4259 ingressisunt
927 4198 1007 4244 autem
1017 4194 1082 4257 procl
1091 4193 1203 4256 superbi;
1212 4192 1360 4256 quiquidem
1368 4191 1456 4242 delum

718 4283 800 4333 ordine
806 4282 924 4333 sedebunt
933 4295 976 4345 per
985 4281 1068 4331 sedilia
1077 4281 1204 4343 sellaeque.

719 4371 762 4422 llis
770 4384 829 4421 vero
837 4382 960 4434 praecones
969 4368 1066 4432 quidem
1074 4381 1161 4432 aquun
1169 4369 1195 4417 in
1204 4379 1289 4416 manus
1298 4365 1424 4427 tnderunt;

718 4471 852 4521 panemque
861 4455 953 4506 anchise
962 4455 1146 4506 accumulabant
1154 4455 1179 4504 in
1189 4453 1301 4503 maistris
1310 4468 1316 4500 ι

716 4546 818 4607 iuvenes
826 4550 908 4594 autem
915 4548 1019 4594 crateras
1028 4547 1172 4593 mronanrnt
1181 4546 1247 4605 potu.

718 4633 755 4683 llli
764 4647 822 4682 vero
831 4633 863 4683 ad
871 4633 938 4682 eibos
946 4637 1042 4696 paratos
1050 4631 1171 4694 appositos
1181 4642 1266 4678 manus
1275 4627 1433 4691 porrigebant.

718 4727 752 4771 Ac
762 4725 888 4785 postquam
898 4724 970 4783 potus
979 4724 1003 4769 et
1013 4719 1059 4768 cibi
1068 4717 1214 4767 desiderium
1223 4720 1361 4766 exemerunt

718 4809 796 4872 proci,
804 4809 863 4872 ipsis
872 4808 968 4871 quidem
978 4808 1001 4856 in
1012 4811 1092 4855 mente
1100 4805 1148 4854 alia
1155 4807 1314 4864 curoemnnt,

717 4900 802 4946 cantus
810 4895 951 4958 saltatloque
961 4909 967 4942 :
977 4894 1030 4943 baec
1039 4893 1104 4944 enirn
1112 4895 1169 4941 sunt
1177 4894 1316 4940 mentetua
1324 4887 1436 4939 convivii.

717 4988 800 5034 Prteeo
807 4987 888 5033 autem
897 4983 922 5031 tn
931 4980 1041 5031 manibus
1049 4979 1164 5030 citharam
1173 4978 1321 5042 perpulcram
1328 4977 1408 5042 posult

717 5071 830 5132 Phemio,
839 5070 881 5134 qui
890 5068 989 5120 canebat
996 5069 1058 5122 inter
1065 5080 1150 5132 pansos
1158 5067 1314 5117 οεοεεεῖῖσῖοε

717 5165 789 5223 atque
799 5159 820 5208 is
830 5156 1055 5221 citharam-pulsans
1062 5158 1181 5208 orsuseat
1189 5155 1273 5219 pulcre
1281 5165 1375 5202 canere.
