3570 5932
299 407 548 469 ΟΔΥΣΣΕΙΑΣ
571 408 606 467 Θ.

154 543 273 603 Κέκλυτε
279 586 287 613 ,
296 541 426 614 Φαιήκων
435 539 561 624 ἡγήτορες
569 539 616 614 ήδὲ
626 542 753 621 μέδοντες·

112 628 296 706 Δημόδοκοςδ
307 629 357 700 ήδη
368 628 482 708 σχεθέτω
491 628 623 712 φόρμιγγα
632 627 743 709 λίγειαν·

113 714 189 793 οιίγά
214 738 257 773 πω
265 714 391 774 πάντεσσι
400 713 570 798 χαριζόμενος
578 717 634 775 τάδ’
641 717 730 777 ἀείδει.

112 800 163 870 Ἐξ
172 739 205 861 ού
212 799 352 884 δορπέομέν
361 826 390 861 τε
398 803 444 862 καὶ
453 801 535 887 ὤρορε
545 810 610 870 θεῖος
619 804 718 876 ἀοιδδς,

59 910 100 949 uo
114 892 144 948 ἀκ
153 891 224 947 τοῦδ’
234 887 306 947 ούπω
314 888 429 948 παύσατ’
440 894 550 972 ὀϊζυροίο
558 890 629 970 γόοιο

113 976 225 1046 δξεὶνος·
236 976 309 1054 μάλα
318 975 368 1036 πού
378 1001 422 1055 μιν
432 977 495 1058 άχος
503 977 596 1060 φρένας
606 978 794 1060 ἀμφιύέόηκεν.

112 1063 184 1124 Ἀλλ’
195 1062 250 1141 ἄγ’,
260 1068 274 1122 θ
280 1063 330 1142 μέν
336 1063 495 1144 σγεθέτω,ίν’
503 1065 731 1148 θμῶςτερπόιμεθα
738 1066 841 1138 πάντες,

112 1149 252 1219 ξεινοδόκοι
264 1149 308 1209 καλ
318 1149 402 1219 ξεῖνος·
413 1150 470 1210 irrui
479 1151 545 1211 πολὺ
557 1151 663 1210 κάλλιον
672 1151 750 1211 ούτω.
788 1182 791 1189 ’

112 1237 212 1298 Etrus
222 1236 272 1319 γάρ
283 1236 372 1306 ξείνοιο
379 1237 436 1296 τάδ’
447 1238 552 1298 αἰδοίοιο
561 1241 696 1309 τέτυκται,

56 1344 99 1383 σεε
111 1323 208 1403 πομπὴ
217 1324 264 1398 καί
271 1324 334 1406 φίλει
344 1327 428 1405 δῶρα,
437 1324 470 1384 τά
479 1328 503 1384 oi
513 1325 616 1402 δίδομεν
625 1324 762 1406 φιλέοντες.

112 1411 182 1473 ’hou
192 1412 348 1490 κασιγνήτου
359 1411 436 1480 ξεῖνός
445 1414 466 1471 θ’
476 1412 732 1485 ίκέτηςτετέτυκται
828 1414 832 1424 ’

114 1498 201 1581 ἀνέρι,
211 1498 265 1558 ὅστ’
274 1499 359 1578 ὀλίγον
368 1523 418 1581 περ
429 1498 544 1580 ἐπιψαύῃ
557 1499 740 1581 πραπίδεσσιν.

113 1589 163 1668 Τῷ
172 1591 217 1645 νῦν
226 1584 292 1662 μηδὲ
302 1584 334 1644 σθ
343 1591 417 1646 κεῦθε
426 1585 540 1664 νοήμασι
550 1586 736 1668 κερδαλέοισιν,

113 1671 171 1732 &u
182 1673 213 1732 κέ
221 1675 245 1732 α’
256 1673 377 1754 εἴρωμαι·
386 1673 485 1755 φάσθαι
494 1673 523 1733 δέ
532 1697 562 1733 σε
572 1670 680 1733 κάλλιόν
691 1676 769 1732 ἔστιν.

54 1780 99 1818 seo
115 1758 180 1819 Eiur'
191 1759 278 1836 ὄνομ’,
288 1758 343 1818 ὅττι
353 1784 381 1818 σε
391 1765 456 1819 κεῖθι
465 1761 558 1820 κάλεον
571 1760 658 1842 μήτηρ
667 1784 696 1819 τε
704 1757 793 1841 πατήρ
802 1782 842 1831 τε,

114 1845 191 1904 ἄλλοι
202 1847 239 1918 θ’,
248 1844 274 1903 οἳ
282 1843 351 1903 κειτδι
361 1845 426 1905 άστυ
436 1846 481 1904 καλ
490 1846 516 1905 οἳ
524 1847 754 1928 περιναιετάουσιν.

113 1934 156 1993 Οὐ
166 1928 213 2009 μέν
222 1931 272 2014 γάρ
281 1956 319 1998 τις
328 1931 440 2008 πάμπαν
450 1930 583 2010 ἀνώνυμός
591 1932 643 1992 ἐστ’
654 1932 803 2016 ἀνθρώπων,

114 2021 146 2078 σθ
156 2018 235 2086 κακδς
243 2018 301 2078 οὐδὲ
311 2020 359 2097 μέν
368 2018 470 2091 έσθλδς,
479 2018 545 2091 ἐπήν
554 2017 588 2077 τδι
596 2023 688 2100 πρῶτα
696 2019 810 2097 γένηται·

114 2109 176 2177 ἀλλῗ
186 2106 230 2166 ἐπί
237 2115 303 2165 πᾶσι
312 2105 504 2178 τίθενται,ἕπεί
513 2130 543 2166 κε
554 2105 663 2178 τέκωσι,
672 2111 770 2179 τοκῆες.

54 2215 100 2254 ωε
114 2191 186 2255 Εἰπέ
197 2191 225 2251 δέ
234 2215 279 2270 μοι
287 2192 366 2271 γαῖάν
374 2216 404 2252 τε
412 2193 473 2265 τεήν
483 2192 566 2271 δῆμόν
572 2219 601 2253 τε
610 2192 685 2254 πόλιν
694 2217 732 2253 τε·

111 2280 182 2362 ὄφρα
192 2303 221 2338 σε
230 2285 263 2360 τῇ
272 2279 397 2357 πέμπωσι
405 2281 589 2359 τιτυσκόμεναι
603 2280 681 2363 φρισλ
690 2285 756 2353 νῆις.

113 2371 157 2429 Οὔ
166 2367 217 2448 γάρ
227 2369 379 2440 Φαιήκεσσι
388 2368 576 2450 κυύεριητῆρες
586 2367 669 2440 ίασιν,

112 2454 174 2515 οὐδέ
182 2479 208 2513 τι
216 2454 324 2527 πηδάλι’
334 2454 404 2528 ἐστὶ,
412 2454 469 2515 τάτ’
480 2456 558 2516 ἀλλαε
569 2462 628 2528 νῆες
637 2455 750 2535 έχουσεν·

112 2544 173 2601 ἀλλ’
183 2542 261 2601 αὐταί
269 2541 342 2601 ίσασι
350 2542 470 2620 νοήματα
479 2543 525 2603 καί
535 2542 628 2626 φρένας
638 2545 748 2624 ἀνδρῶν,

57 2650 101 2690 ooo
115 2629 163 2688 καλ
172 2627 277 2688 πάντων
286 2629 359 2688 ἴσασι
367 2629 460 2698 πόλιας
468 2630 514 2690 καὶ
522 2629 612 2698 πίονας
622 2627 716 2710 ἀγρυθς

113 2715 264 2799 ἀνθρώπων·
274 2717 320 2776 καί
327 2719 427 2795 λαῖτμα
436 2718 538 2797 τάχισθ’
550 2717 611 2784 ἀλδς
620 2713 787 2799 ἐκπερόωσιν,

111 2802 172 2886 ἠέρι
181 2804 226 2862 καί
235 2805 327 2886 νεφέλῃ
338 2805 541 2884 κεκαλυμμέναι·
551 2802 683 2864 οὐδέποτέ
692 2826 752 2884 σφιν

111 2890 173 2950 ούτε
181 2913 207 2948 τι
216 2896 384 2968 πημανθῆναι
394 2891 437 2951 ἔπι
448 2891 502 2958 δέος
512 2891 565 2950 οὐδ’
577 2888 728 2966 ἀπολέσθαι.

112 2976 196 3038 Ἀλλθ
205 2978 257 3036 τύδ’
270 2977 305 3046 ὥς
313 3002 376 3038 ποτε
385 2978 483 3062 πατρὸς
497 2977 562 3058 έγιλν
572 2976 688 3044 εἰπόντος
698 2977 799 3036 ἄκουσα

57 3087 99 3125 εει
111 3063 273 3136 Ναυσιθόου,
283 3065 310 3132 ὃς
319 3065 417 3147 ἔφασκε
427 3067 588 3126 Ποσειδάων’
598 3063 749 3144 ἀγάσασθαι

111 3155 191 3229 ἡμῖν,
201 3150 293 3210 οὔνεκα
304 3152 405 3228 πομποί
415 3151 547 3230 ἀπήμονές
556 3155 627 3229 εἰμεν
640 3148 771 3210 ἁπάντων.

112 3239 161 3310 N
170 3235 233 3297 ποτέ
242 3236 371 3309 Φαιήκων
380 3241 480 3319 ἀνδρῶν
490 3237 597 3320 εὐεργέα
606 3242 657 3310 νῆα

113 3327 145 3384 ἐκ
153 3329 261 3401 πομπής
270 3327 392 3384 ἀνιοῦσαν
401 3328 428 3384 ἐν
437 3325 564 3406 ἠεροειδέϊ
572 3323 659 3406 πόντιρ

59 3476 62 3480 ⁴
115 3409 359 3493 ραισέμεναι,μέγα
368 3413 391 3470 δ’
400 3403 464 3489 ἥμιν
473 3411 531 3493 ὄρος
539 3410 613 3470 πόλει
623 3407 825 3492 ἀμφικαλύψειν.

61 3519 100 3556 oro
112 3498 164 3564 Ὣς
171 3497 272 3579 ἀγόρευ’
282 3496 395 3580 θγέρων·
405 3496 440 3557 τά
449 3497 477 3557 δέ
485 3521 529 3557 κεν
539 3497 621 3568 θεδςῆ
634 3496 771 3569 τελέσειεν,

113 3585 131 3657 ἤ
140 3585 165 3643 κ’
176 3583 289 3643 ἀτέλεστ’
299 3584 354 3656 εῐη,
364 3581 399 3652 ὥς
408 3587 432 3644 oi
442 3583 515 3666 φίλον
527 3583 621 3643 ἔπλετο
629 3587 711 3664 θυμῷ.

112 3672 183 3731 Ἀλλ’
193 3671 240 3748 ἀγε
251 3694 295 3748 μοι
304 3669 363 3730 τόδε
372 3669 428 3730 εἰπέ
438 3670 483 3729 καλ
492 3669 618 3753 ἀτρεκέως
628 3668 779 3742 κατάλεξον,

112 3757 187 3837 ὅππη
197 3756 385 3837 ἀπεπλάγχθης
393 3781 422 3817 τε
431 3757 476 3816 καθ
486 3758 588 3825 ἀςτινας
597 3755 653 3816 ίκεο
662 3754 752 3837 χώρας

114 3843 266 3926 ἀνθρώπων·
276 3842 369 3911 αὐτούς
377 3867 406 3903 τε
414 3843 535 3912 πόλειςά
544 3835 574 3903 εθ
582 3840 752 3910 ναιεταώσας·

60 3953 98 3991 επ
107 3930 126 4002 ἣ
136 3931 185 4009 μὲν
194 3928 250 3989 ὅσοι
258 3930 370 4010 χαλεποί
378 3955 407 3990 τε
418 3929 464 3990 καί
472 3931 557 4014 άγριοι
567 3928 625 3990 ούδέ
635 3928 738 3990 δίκαιοι·

113 4016 177 4077 οἵτε
186 4016 334 4099 φιλόξεινοι,
342 4017 389 4077 καί
397 4041 457 4099 σφιν
466 4018 522 4085 νόος
531 4018 587 4078 ἐστὶ
596 4016 708 4089 θεουδής.

114 4103 185 4167 Εἰπέ
194 4106 217 4164 δ
226 4149 235 4177 ,
245 4103 262 4163 ό
271 4129 297 4163 τι
306 4105 404 4173 κλαίεις
414 4104 459 4164 καὶ
471 4105 575 4186 ὀδύρεαι
586 4104 668 4164 ένδοθι
677 4105 766 4184 θυμῷ,

113 4190 245 4273 Ἀργείων,
255 4194 374 4262 Δαναῶν,
383 4191 425 4262 ἠδ’
436 4190 513 4250 Ἰλίου
523 4181 591 4249 οἶτον
600 4187 710 4248 ἀκούοι.

114 4279 170 4339 Τὸν
179 4275 207 4336 δέ
217 4277 269 4337 θεοί
279 4276 327 4355 μέν
335 4276 435 4349 τεῦξαν,
446 4276 627 4336 ἐπεκλώσαντο
637 4275 659 4334 δ’
668 4275 771 4356 ὄλεθρον

54 4388 101 4427 εσυ
114 4364 271 4447 ἀνθρώποις,
279 4361 322 4423 ἵνα
331 4356 377 4445 ᾖσι
385 4364 431 4424 καί
440 4364 616 4442 ἐσσομένοισιν
628 4361 711 4434 ἀοιδή.

114 4444 153 4514 Ἦ
162 4451 201 4519 τίς
208 4473 249 4510 τοι
257 4449 304 4510 καλ
312 4450 379 4522 πηδς
389 4450 515 4532 ἀπέφθιτο
525 4450 612 4511 Ἰλιόθι
621 4450 688 4531 πρὸ,

114 4538 206 4605 teuit<
214 4535 263 4596 tho
271 4535 390 4619 γαμόρδς
399 4535 416 4609 ἢ
425 4538 545 4684 πεθφρθς,
556 4535 609 4596 οίτε
619 4535 736 4615 μάλιστα

115 4625 234 4697 κήδιστοι
242 4624 387 4697 πλάθουσι,
399 4626 454 4703 μεθ’
465 4650 482 4684 α
494 4624 532 4703 μά
541 4647 570 4684 τε
579 4624 625 4683 καλ
634 4622 706 4702 γένος
715 4624 815 4695 αθτῶνς

113 4713 132 4784 ἤ
141 4711 180 4780 τίς
188 4734 239 4770 που
248 4710 295 4771 καλ
304 4715 404 4793 έταῑρος
413 4712 480 4794 ἀνὴρ
489 4709 669 4793 κεχαρισμένα
679 4707 766 4783 εἰδὼς,

59 4822 101 4861 σεε
115 4798 219 4872 έσθλόςς
229 4798 287 4858 ἐπεὶ
296 4802 326 4858 σθ
336 4798 384 4878 μέν
392 4823 419 4859 τι
428 4798 597 4878 κασιγνήτοιο
605 4797 714 4880 χερείων

114 4885 245 4965 γίγνεται,
255 4885 335 4954 δςκεν
345 4890 445 4966 ἑταῖρος
455 4884 504 4946 tho
512 4884 665 4964 πεπνυμένα
675 4885 739 4964 εἰδῇ.

362 5067 545 5091 ...ψ’-ι-

1107 410 1318 478 ohtssuAE
1344 418 1436 480 Vlli.

913 544 1011 607 Audite,
1021 543 1147 596 Pheneum
1156 545 1267 598 ductores
1276 551 1347 612 stqrse
1356 550 1486 614 prinsipes,

882 631 1033 681 Demodocus
1042 645 1099 682 vero
1106 632 1157 694 ium
1166 634 1275 685 oohiheat
1283 637 1398 686 citharam
1407 643 1529 699 arquteo13

882 731 1031 780 nequaquam
1041 720 1105 768 enim
1114 721 1226 771 omuibus
1235 722 1368 784 gratificans
1377 724 1431 774 hee
1440 730 1528 775 mutet.

882 807 918 853 Ex
928 819 977 867 quo
985 806 1193 870 orenorimusque,
1202 813 1227 858 et
1236 815 1383 861 erorsuaest
1391 812 1489 862 divinus
1497 816 1590 874 mutor,

883 903 912 939 er
923 891 969 940 hoe
978 906 1100 954 nunquam
1109 896 1214 944 oessavit
1223 896 1354 947 o·iuetuoso
1363 898 1435 949 ilectu

883 977 1189 1044 hospes3raidecerteipsi
1198 981 1265 1032 dolor
1274 989 1378 1035 mentem
1387 987 1552 1038 cireumdedit.
1643 1020 1645 1023 v

884 1064 932 1114 sed
940 1079 995 1126 ege,
1005 1067 1039 1116 iiii
1049 1067 1144 1130 quidem
1153 1073 1243 1130 cesset,
1253 1074 1281 1119 ut
1289 1073 1377 1134 pun'ter
1386 1072 1532 1124 oblectemur
1541 1087 1635 1135 omues,

884 1151 1154 1217 hospitio-suscipientes
1163 1160 1188 1205 et
1196 1156 1284 1219 hospes
1296 1173 1302 1206 :
1312 1160 1425 1221 quonium
1434 1162 1512 1211 multo
1520 1163 1595 1213 satius
1604 1163 1645 1213 ita.

883 1242 982 1302 Propter
991 1241 1109 1303 hospitem
1118 1243 1181 1292 euim
1190 1244 1243 1293 hec
1252 1246 1414 1297 venerandum
1423 1254 1585 1311 parsu-sunt,

883 1325 994 1376 deductio
1002 1332 1027 1377 et
1035 1329 1112 1378 umisa
1120 1329 1196 1392 done,
1206 1344 1261 1394 qum
1268 1333 1290 1382 ei
1299 1333 1384 1384 demus
1393 1337 1631 1402 amice-exeipientes.

884 1416 961 1463 instar
971 1415 1049 1465 fratris
1058 1416 1193 1480 hospesque
1202 1420 1353 1482 supplexque
1362 1425 1399 1472 est

884 1501 949 1562 viro,
959 1503 1092 1566 qui-utique
1101 1504 1139 1553 rei
1150 1506 1273 1568 paululum
1281 1508 1381 1570 attingat
1390 1515 1494 1561 mentem
1502 1524 1604 1562 sunum.

884 1585 940 1638 ideo
949 1602 1013 1638 nune
1023 1603 1101 1654 neque
1110 1596 1138 1640 tu
1146 1592 1197 1642 oola
1206 1593 1300 1655 ingenio
1310 1600 1420 1657 versuto,

883 1675 1041 1738 quodcunque
1048 1681 1072 1726 te
1078 1680 1304 1740 percontetusiuero
1315 1696 1321 1729 :
1332 1681 1411 1732 disere
1420 1696 1477 1732 vero
1486 1688 1510 1733 te
1519 1683 1594 1734 sotius
1603 1690 1648 1735 est.

883 1763 927 1811 Dic
935 1776 1036 1824 nomen,
1045 1777 1093 1827 quo
1103 1769 1127 1814 te
1136 1765 1184 1815 iilic
1193 1767 1310 1817 vocabunt
1319 1773 1443 1832 materque
1451 1775 1579 1835 potorque,

883 1850 983 1912 uiiiqrre,
992 1852 1033 1914 qui
1043 1851 1068 1900 in
1077 1853 1136 1902 urbe
1146 1856 1206 1915 tua,
1216 1856 1292 1917 etqui
1303 1856 1519 1907 circum-hubitant.

884 1940 936 1986 Non
944 1939 1007 1987 enim
1016 1940 1144 2003 quosquam
1152 1941 1249 1991 omniuo
1258 1942 1415 1995 siueuomiue
1424 1948 1462 1994 est
1470 1945 1607 2006 hominum,

883 2038 927 2074 nec
936 2026 1026 2086 natus,
1036 2040 1080 2076 uec
1088 2027 1180 2089 honus,
1189 2033 1316 2092 postquem
1324 2030 1428 2092 primum
1438 2035 1575 2082 natu-est:

883 2111 1043 2162 sodomuihus
1050 2125 1141 2164 nomen
1148 2115 1283 2178 imponunt,
1288 2116 1537 2180 simui-eogenueriut,
1544 2123 1662 2182 parentes.

881 2199 926 2247 Dic
933 2199 1005 2248 etium
1014 2200 1073 2249 mihi
1080 2205 1215 2264 terramque
1224 2208 1303 2264 ιιιειει,
1312 2205 1487 2269 populumque,
1495 2206 1640 2270 urbemque,

882 2289 910 2333 ut
918 2289 943 2334 te
951 2285 1007 2335 iiluo
1017 2288 1112 2337 nuttunt
1120 2288 1268 2338 collimantes
1277 2294 1356 2339 ruente
1365 2303 1448 2340 neres.

881 2373 935 2420 Nou
943 2372 1006 2422 euim
1016 2374 1156 2424 thoeibus
1166 2375 1443 2437 uarium-guhemutores
1452 2382 1523 2438 suut,

881 2471 959 2522 neque
965 2460 1060 2511 omniuo
1066 2458 1226 2523 gubernacula
1232 2467 1297 2522 suut,
1305 2476 1360 2525 quae
1370 2463 1467 2537 quinem
1480 2465 1533 2514 oiim
1544 2478 1618 2516 nores
1625 2466 1663 2515 hu·

881 2544 962 2608 θεοῖς]
972 2546 1015 2596 sed
1023 2547 1083 2610 ipsae
1092 2549 1172 2598 sciunt
1180 2551 1282 2611 rogitato
1290 2555 1315 2600 et
1324 2555 1416 2601 mentes
1425 2552 1546 2615 virorum,
1560 2603 1562 2612 ,

881 2637 906 2682 et
914 2633 1021 2683 omnium
1029 2640 1116 2685 norunt
1125 2636 1197 2685 urbes
1205 2640 1231 2686 et
1241 2637 1340 2699 pingues
1349 2651 1419 2699 egros

881 2720 1018 2783 hominum
1028 2729 1053 2772 et
1061 2723 1199 2784 voraginem
1207 2723 1330 2774 oelerrirne
1339 2725 1412 2774 meris
1421 2729 1530 2786 trenam,

881 2808 980 2871 ortigius
988 2813 1013 2858 et
1021 2809 1108 2859 nebula
1115 2809 1217 2860 obteotm
1223 2826 1232 2872 ;
1241 2824 1319 2873 neque
1328 2825 1434 2874 uuquam
1441 2812 1500 2874 ipsis

881 2909 925 2945 neo
933 2895 1013 2946 damni
1021 2895 1079 2959 quid
1088 2896 1205 2947 subeundi
1214 2897 1277 2946 inest
1285 2901 1377 2957 metus,
1387 2909 1431 2945 neo
1439 2896 1561 2958 pereundi.

881 2983 926 3033 Sed
936 2984 982 3032 hoe
990 2985 1023 3032 itu
1031 2983 1151 3047 quondum
1162 2988 1254 3047 patrem
1263 2997 1307 3046 ego
1316 2984 1422 3033 locutum
1431 2984 1513 3033 audiri

881 3071 1052 3131 Nousithoum,
1061 3071 1103 3134 qui
1112 3071 1206 3120 dimum
1215 3075 1353 3135 Neptunum
1362 3063 1502 3121 suooeutero

881 3158 961 3218 nohis,
970 3158 1035 3222 quod
1043 3158 1185 3208 deductores
1194 3159 1240 3208 tuti
1248 3172 1332 3208 sumus
1341 3157 1457 3207 omnium.

881 3246 947 3295 Dixit
957 3246 1086 3308 aliquando
1096 3246 1225 3296 Pheneum
1234 3246 1341 3296 virorum
1350 3245 1533 3296 eiiahretsotum
1541 3258 1627 3296 ιιειιειιι

881 3347 912 3382 ex
922 3333 1064 3384 deductione
1072 3338 1231 3384 reuertentem
1240 3334 1265 3382 iu
1274 3333 1376 3383 obscuro
1385 3338 1458 3395 ponto

881 3421 1088 3484 perditurumesse
1093 3434 1160 3482 eum,
1167 3435 1326 3484 magnumque
1335 3421 1404 3471 uobis
1413 3426 1519 3472 montem
1529 3419 1663 3471 urhiohdu·

881 3509 994 3572 mumm]
1002 3509 1041 3560 sie
1048 3507 1192 3571 predicebot
1200 3522 1274 3558 sonex
1283 3525 1288 3557 :
1296 3521 1325 3560 eu
1334 3508 1458 3558 rerodeus
1465 3509 1517 3559 sire
1526 3507 1661 3571 perisoerit,

882 3595 933 3645 sire
941 3596 1078 3658 imperfecto
1087 3595 1149 3656 sint,
1158 3599 1186 3644 ut
1195 3595 1218 3644 ei
1228 3596 1342 3657 piuoitum
1351 3599 1388 3644 est
1397 3595 1486 3644 auimo.

880 3685 970 3733 Verum
980 3694 1022 3744 ege
1030 3682 1089 3731 mihi
1098 3683 1144 3730 hoo
1152 3681 1204 3743 elio,
1214 3686 1239 3731 et
1247 3695 1303 3731 rere
1312 3694 1396 3730 enarra
1401 3715 1410 3741 ,

882 3770 978 3818 ubinam
987 3769 1162 3831 senserisque,
1171 3772 1196 3817 et
1204 3768 1362 3830 sdquasnam
1370 3767 1507 3830 perveneris
1518 3767 1627 3829 regiones

881 3857 1017 3917 hominum
1027 3869 1125 3906 enarra
1132 3860 1157 3906 et
1166 3856 1243 3919 ipsos,
1251 3855 1371 3918 urbesque
1379 3855 1439 3906 bene
1449 3855 1585 3905 moinus:

882 3946 919 3995 rei
928 3948 1045 4008 quotquot
1054 3944 1159 4006 serique
1167 3948 1192 3993 et
1201 3944 1308 4004 ierooes,
1319 3956 1365 3992 nee
1372 3942 1446 4003 justi3

880 4033 969 4096 quique
978 4032 1106 4095 hospitales
1114 4034 1183 4086 rint,
1194 4035 1219 4081 et
1227 4030 1287 4094 ipsis
1296 4043 1364 4080 meus
1372 4033 1410 4081 est
1418 4029 1651 4081 deorumrorereus.

880 4119 925 4169 Die
933 4132 990 4169 rero
998 4123 1077 4169 ettam
1085 4118 1199 4182 quidnam
1208 4118 1265 4168 ileos
1273 4122 1298 4168 et
1306 4119 1388 4179 lugeas
1396 4117 1421 4167 in
1429 4117 1508 4166 animo
1514 4151 1523 4177 ,

881 4207 1034 4270 Argivorum,
1044 4210 1194 4267 Danaorum,
1204 4209 1277 4268 atque
1285 4205 1322 4256 liii
1331 4205 1407 4255 ntum
1415 4204 1523 4254 sudhns.

881 4298 933 4345 ilos
941 4299 1020 4344 eutem
1029 4293 1062 4342 (iii
1071 4293 1167 4358 quidem
1176 4292 1266 4354 ieoere,
1275 4292 1470 4354 destinaruutque
1478 4289 1603 4341 interitum

880 4383 1030 4442 hominihus,
1039 4386 1066 4431 ut
1074 4382 1107 4431 sit
1114 4385 1139 4431 et
1145 4381 1248 4445 posteris
1256 4380 1381 4430 mothona.

880 4473 966 4521 Utrum
975 4469 1062 4532 uliquis
1069 4468 1143 4518 tibist
1151 4471 1266 4530 coquntur
1276 4467 1345 4530 periit
1353 4469 1408 4515 aute
1416 4465 1500 4526 Ilium,

880 4558 983 4608 eximius
991 4557 1179 4621 qui-emtgeuer,
1189 4559 1231 4604 eut
1240 4566 1315 4614 sooer,
1324 4552 1472 4616 quiquidem
1481 4549 1586 4600 marture

880 4659 945 4695 eurae
954 4648 1024 4705 sunt,
1032 4647 1088 4707 post
1095 4643 1232 4705 sauguinem
1244 4645 1269 4690 et
1277 4653 1352 4703 genus
1361 4641 1477 4688 nothum
1486 4637 1609 4700 ipsomru?

880 4746 911 4782 au
919 4732 1005 4794 uliquis
1014 4732 1073 4780 torte
1081 4734 1106 4780 et
1114 4729 1193 4779 sosius
1201 4729 1250 4790 rir,
1259 4731 1326 4790 grate
1336 4725 1428 4786 sciens,

880 4820 997 4870 exhuiust
1004 4817 1117 4881 quoniam
1124 4827 1275 4879 uequoquom
1283 4813 1381 4876 quidem
1390 4813 1461 4862 tratre
1470 4809 1566 4863 interior
1648 4827 1651 4840 ¹

882 4907 943 4958 tutis
952 4910 1001 4966 est,
1011 4905 1066 4968 qui,
1074 4903 1166 4964 soum,
1175 4900 1286 4966 prudenti
1295 4898 1424 4950 animo-sit.

1600 432 1656 481 tos

1182 5063 1365 5087 ..w-
