3570 5932
212 388 391 463 ΙΔΙΑΔΟΣ
410 389 444 447 N.

83 522 100 578 δ’
112 520 142 579 διν
152 521 225 598 μάλα
235 530 324 578 πᾶσαν
334 517 561 599 ἐπιφρασσαίμεθα
573 516 677 597 βουλὴν,

83 608 114 665 ἐνί
124 607 215 678 νήεσσι
223 606 380 676 πολυκλήϊσι
389 604 519 681 πέσωμεν,

83 694 172 773 θέλησι
182 693 237 761 θεὸς
246 693 353 771 δόμεναι
362 691 468 774 κράτος,
478 693 540 763 ήκεν
551 691 641 751 ἔπειτα

83 785 123 853 γῶν
134 782 250 858 ἔλθωμεν
258 781 399 859 ἀπήμονες.
408 769 447 838 ’Π
456 777 506 860 γάρ
516 778 598 857 ἔγωγε

83 916 86 936 ,
96 867 134 946 μή
144 868 175 926 τὸ
183 866 272 947 χθιζόν
282 867 483 938 ἀποστήσωνται
494 864 594 945 Ἀχαιοί

87 1002 94 1029 ,
104 955 162 1014 ἐπεί
170 954 245 1036 παρὰ
255 955 345 1026 νηυσὶν
354 954 420 1034 ἀνὴρ
431 945 491 1020 ἆτος
498 952 623 1031 πολέμοιο

83 1041 135 1114 ’,δν
143 1040 325 1121 ούκέτιπάγχυ
331 1041 419 1120 μάχης
425 1041 570 1119 σχήσεσθαι
577 1037 632 1100 ὀίω.
644 1041 723 1119 [μων,

83 1130 159 1212 ςράτο
164 1129 352 1206 Πουλυδάμας·
359 1129 404 1186 ἅδε
411 1130 434 1187 δ’
441 1128 552 1211 Ἕκτορι
562 1135 640 1207 μῦθος
650 1128 723 1199 ἀπή-

83 1242 107 1275 ια
118 1218 140 1274 δ’
150 1215 177 1284 ἐξ
187 1215 270 1295 ὀχέων
278 1217 326 1275 σὺν
334 1215 453 1296 τεύχεσιν
463 1207 527 1274 diro
534 1220 638 1295 χαμᾶζε
643 1217 664 1295 ,]

83 1327 96 1361 ν
105 1302 228 1384 ρωνήσας
238 1301 302 1362 ἐπεα
310 1302 452 1384 πτερόεντα
462 1302 603 1384 προςηύδα·
644 1304 722 1380 [τους

83 1390 215 1468 ολυδάμα,
226 1389 257 1448 σὺ
269 1388 317 1467 μὲν
328 1393 405 1448 αὐτοῦ
417 1388 529 1470 ἐρύκακε
538 1389 639 1456 πάντας
648 1389 724 1471 ἀρίσ-

89 1476 142 1555 ἐγὼ
152 1481 220 1536 κεῑσ’
230 1468 283 1555 ε’ίμι
293 1477 338 1536 καί
348 1475 442 1535 ἀντιόω
449 1475 584 1553 πολέμοιο·

83 1568 97 1623 i·
108 1563 250 1643 ἐλεύσομαι
261 1556 347 1637 αὖτις,
357 1563 422 1635 ἐπὴν
433 1555 462 1622 τύ
470 1572 522 1630 τοῖς
534 1564 662 1623 ἐπιτείλω.

83 1676 118 1722 α,
128 1651 174 1710 καί
183 1652 307 1732 ὡρμήθη,
317 1651 371 1732 ὄρεὶ
381 1650 492 1731 νιφόεντι
502 1649 604 1723 ἐοικὼς,

83 1737 144 1818 γδις,
154 1737 198 1797 διδ
208 1737 236 1797 δέ
245 1737 345 1819 Τρώιον
354 1738 442 1795 πέτετ’
451 1739 493 1808 ἠδ’
504 1736 655 1821 ἐπικούρων.

83 1832 98 1892 ς
107 1825 257 1896 Πανθοΐδην
268 1824 423 1905 ἀγαπήνορα
433 1824 645 1902 Πουλυδάμαντα

83 1911 274 1984 ςέπεσσεύοντ’,
288 1911 344 1969 ἐπεί
353 1911 481 1992 Ἕκτορος
492 1912 582 1971 ἔκλυον
593 1914 684 1985 αὐδήν.

83 2034 85 2048 ι
96 1994 253 2080 θΔηίρούάν
262 2022 305 2072 τε,
316 1998 374 2078 βίην
385 2003 406 2057 θ’
420 1999 537 2059 Ἑλένοιο
547 2000 669 2072 ἄνακτος,

83 2095 122 2159 ’την
132 2090 155 2146 τ’
167 2086 317 2163 Ἀδάμαντα
326 2086 372 2144 καί
381 2082 477 2158 Ἄσιον,
488 2086 619 2168 Ὑρτάκου
628 2087 693 2160 otiu,

83 2174 135 2234 evi
144 2174 311 2257 προμάχους,
322 2174 470 2251 διζήμενος,
480 2175 504 2234 εί
512 2199 562 2234 που
573 2175 683 2258 ἐρεύροι.

83 2269 94 2315 :’
111 2255 166 2344 εὗρ’
183 2260 269 2321 σύκέτι
286 2262 399 2338 πάμπαν
415 2263 551 2339 ἀπήμονας
564 2265 618 2322 οὐδ’
631 2263 678 2323 civo
695 2262 724 2321 ἐ-

83 2400 84 2404 ,
95 2349 145 2428 μὲν
156 2350 187 2422 δὴ
197 2348 288 2421 νηυσίν
298 2347 341 2406 ἔπι
350 2347 498 2430 πρύμνησιν
508 2350 619 2428 Ἀχαιῶν
630 2351 724 2431 [θρους·

92 2439 138 2495 ὑπ’
150 2434 272 2516 Ἀργείων
282 2435 361 2494 κέατο
370 2437 456 2517 ψυχὰς
465 2436 609 2504 ὀλέσαντες·

94 2524 179 2605 τείχει
189 2523 250 2582 ἔσαν
262 2522 418 2602 βεόλημένοι
428 2516 566 2600 οὐτάμενοί
573 2548 611 2583 τε.

92 2612 156 2692 τάχ’
168 2603 226 2692 εθρε
237 2611 324 2689 μάχης
334 2612 375 2668 ἐπ’
385 2610 507 2692 σἰριστερδι
518 2611 705 2693 δακρυοέσσης,

83 2699 234 2780 λέξανδρον,
243 2697 437 2768 Ἓλένηςπόσιν
446 2698 586 2777 ἠϋκόμοιο,

83 2791 143 2846 ιονθ’
153 2785 259 2867 ἑτάρους
268 2785 312 2843 καί
322 2784 495 2866 ἐποτρύνοντα
507 2787 649 2866 μάχεσθαι.

83 2884 88 2932 i
100 2877 125 2933 δ’
138 2873 278 2951 ἱστάμενος
286 2872 399 2955 προτέρη
410 2876 527 2956 αἰσχροῖς
538 2875 665 2935 ἐπέεσσιν·

83 2985 166 3043 παρι,
176 2952 241 3027 εἶδος
251 2961 355 3042 ἄριστε,
364 2961 530 3039 γυναιμανές,
541 2964 716 3044 ήπεροπευτδ,

83 3074 92 3106 ι
102 3045 236 3129 Δηίρούύς
245 3071 287 3120 τε,
300 3047 343 3126 βίη
355 3052 377 3106 θ’
388 3047 505 3108 Ἑλένοιο
514 3049 636 3122 ἄνακτος,

83 3161 113 3208 ης
125 3138 148 3194 τ’
160 3134 277 3212 Ἀδάμας
287 3137 328 3206 ἠδ’
341 3133 442 3206 Ἄσιος,
454 3135 583 3217 Ὑρτάκου
593 3138 659 3212 υίύς;

88 3248 131 3282 τοι
141 3220 309 3306 ’οθρυονεύς;
321 3229 365 3281 νῦν
374 3222 456 3282 ῶλετο
465 3234 538 3283 πᾶσα
549 3229 608 3284 κατ’
618 3227 700 3310 ἄκρης

83 3311 197 3382 αἰπεινή·
207 3317 252 3368 νῦν
261 3334 301 3369 τοι
310 3314 362 3376 σῶς
372 3308 563 3393 αἰπὺςδλεθρος.

83 3426 86 3447 ι
96 3402 122 3458 δ’
132 3391 196 3458 adse
205 3398 356 3480 προςέειπεν
366 3397 529 3480 Ἀλέξανδρος
538 3402 659 3474 θεοειδής·

83 3511 101 3547 ι·
115 3486 174 3547 ἐπεί
182 3510 223 3545 τοι
232 3485 311 3563 θυμὸς
320 3484 435 3545 ἀναίτιον
445 3486 603 3546 αἰτιάασθαι·

83 3623 85 3630 ,
96 3575 130 3646 δή
140 3597 205 3632 ποτε
217 3576 317 3651 μᾶλλον
327 3577 441 3655 ἐρωῆσαι
450 3574 575 3651 πολέμοιο
652 3580 722 3663 [τηρ.

87 3709 96 3733 ,
107 3659 167 3720 ἐπεὶ
176 3662 230 3719 οὐδ’
240 3659 287 3737 ἐμὲ
296 3659 410 3735 πάμπαν
421 3660 547 3721 ἀνάλκιδα
557 3664 661 3742 γείνατο
671 3668 724 3745 μή·

87 3750 141 3833 γάρ
151 3748 227 3831 παρδ
236 3749 311 3821 νηυσὶ
321 3748 411 3828 μάχην
421 3750 527 3831 ἤγειρας
536 3752 653 3835 ἑταίρων,

83 3841 100 3896 δ’
111 3837 196 3897 ἐνθάθ
208 3835 290 3903 ἐόντες
299 3835 438 3913 ὁμιλέομεν
448 3841 588 3895 Δαναοῖσιν

83 3923 143 3990 ἕως·
157 3923 245 4005 ἕταροι
255 3923 281 3982 δὲ
291 3922 458 3994 κατέκταθεν,
470 3923 512 3990 αθς
523 3923 554 3982 σὺ
568 3932 707 4002 μεταλλᾶς.

83 4008 194 4093 ηίροόός
202 4035 232 4069 τε
243 4009 286 4089 βίη
297 4012 318 4069 θ’
330 4010 448 4070 Ἑλένοιο
459 4010 568 4078 ἄνακτος
676 3993 682 4013 ⁸

83 4124 120 4170 ον,
132 4104 252 4180 μακρῇσι
260 4096 414 4176 τετυμμένοι
424 4098 555 4178 ἐγχείησιν

83 4186 146 4270 έρω,
155 4184 224 4244 κατὰ
232 4194 318 4268 χεῖρα·
330 4186 405 4267 ρύνον
415 4188 438 4244 δ’
447 4187 530 4263 ἤμυνε
542 4188 677 4269 Κρονίων.“

90 4274 163 4356 ἄρχ’,
173 4271 246 4345 dmm,
257 4297 285 4332 σε
295 4273 389 4356 κραδίη
400 4273 478 4351 θυμός
488 4299 516 4333 τε
525 4275 633 4335 κελεύει·

83 4364 101 4420 δ’
112 4365 288 4439 ἐμμεμαῶτες
298 4361 344 4437 ἅμ’
355 4361 469 4442 ἑψόμεθ’,
480 4362 539 4421 οὐδέ
547 4363 573 4421 τί
583 4388 649 4446 ρημι

83 4447 256 4520 δευήσεσθαι,
266 4447 314 4523 ὅση
326 4449 434 4528 δύναμίς
444 4474 473 4527 γε
482 4449 617 4532 πάρεστιν.

83 4536 177 4614 ύναμιν
189 4537 210 4594 δ’
221 4538 268 4595 οὔκ
278 4536 342 4609 ἔστι,
353 4537 398 4596 καί
408 4536 557 4615 ἐσσύμενον,
564 4541 721 4617 πολεμίζειν.

89 4621 173 4682 εἰπὼν
184 4623 342 4705 παρέπεισεν
352 4627 486 4707 ἐδελρειοῦ
499 4625 591 4707 ρρένας
602 4628 678 4710 ήρως.

89 4711 161 4789 ίμεν,
171 4710 230 4771 ἐνθα
242 4712 357 4790 μάλιστα
369 4713 443 4793 μάχη
452 4713 498 4771 καί
508 4714 618 4796 ρύλοπις
627 4710 682 4793 ήεν,

83 4799 257 4881 εΚεύριύνην
266 4800 311 4859 καί
321 4800 444 4879 ἀμύμονα
456 4801 682 4880 Πουλυδάμαντα,

83 4909 105 4958 ην
113 4885 240 4968 Ὀρθαῖόν
249 4911 278 4946 τε
288 4888 334 4946 καί
344 4888 458 4947 ἀντίθεον
469 4888 637 4970 Πολυφήτην,

83 4998 108 5033 ιν
116 4977 143 5032 τ’
153 4973 288 5040 Ἀσκάνιόν
296 4999 340 5046 τε,
355 4975 445 5058 Μόρυν
455 4978 487 5048 θ’,
498 4967 531 5033 υἷ’
547 4975 721 5046 Ἱπποτίωνος·

93 5061 236 5134 Ἀσκανίης
245 5062 405 5144 ἐριόώλακος
412 5055 491 5134 ήλθον
501 5063 605 5141 ἅμοιόοί

83 5148 212 5234 προτέρη·
223 5149 282 5209 τότε
293 5150 320 5210 δέ
330 5151 396 5219 Ζεὺς
405 5142 473 5234 ῶρσε
484 5151 624 5231 μάχεσθαι.

984 388 1154 450 1n1An1s
1179 389 1272 450 x111.
1405 370 1408 375 '
1487 402 1541 453 sar

764 517 850 568 deinde
858 531 916 569 vero
924 523 989 569 recte
998 524 1075 569 totum
1085 520 1287 583 inire-poterimus
1295 524 1434 583 oonslllum3

763 609 875 656 utrumne
883 606 908 656 ln
916 619 991 656 naves
999 608 1313 658 molta-traustrahabentes
1322 609 1441 658 irruamus
1446 645 1454 670 ,

764 693 786 742 si
795 694 892 756 quidem
901 695 959 745 relit
967 695 1028 745 deus
1037 695 1093 745 dare
1102 695 1187 756 robur;
1197 709 1228 745 an
1234 695 1406 760 jamdemceps

740 857 744 867 Ι
765 795 779 830 a
788 782 890 832 mribus
899 782 1013 833 abeamus
1023 784 1093 834 illusi
1103 799 1109 832 :
1119 789 1183 834 serie
1192 784 1256 833 enim
1265 784 1376 847 equidem

765 869 851 930 timeo,
860 883 892 919 ne
900 870 1039 921 hesternum
1048 871 1178 934 rependant
1188 871 1272 921 Achiui

764 956 884 1018 debitum3
894 959 1006 1021 quoniam
1016 957 1079 1021 apud
1088 972 1162 1008 naves
1171 959 1209 1007 vir
1216 958 1356 1008 insatiabilis
1364 958 1421 1010 belli

765 1048 859 1106 munet,
869 1059 941 1108 quem
950 1045 1055 1096 nondum
1064 1047 1160 1095 omnino
1169 1059 1272 1110 s-pugnu
1281 1051 1429 1096 oesmiumm
1439 1052 1505 1110 puto.

795 1132 835 1180 sic
843 1131 904 1181 dixit
913 1132 1055 1194 Polydamas
1065 1148 1071 1181 ε
1080 1132 1171 1196 placuit
1179 1138 1259 1183 summ
1268 1135 1365 1184 Hectori
1375 1148 1454 1184 serrum
1463 1139 1544 1195 tutum

765 1217 887 1281 [continuo
897 1233 954 1269 vero
962 1233 976 1269 e
985 1220 1095 1270 curribus
1104 1233 1159 1269 com
1168 1221 1241 1270 munis
1250 1221 1340 1271 desiliit
1349 1221 1493 1285 in·terram,]

765 1310 790 1355 et
798 1319 854 1355 eum
863 1307 984 1370 appellem
994 1308 1073 1357 verbis
1082 1309 1151 1357 alatis
1160 1308 1325 1358 allocutusest
1335 1324 1342 1357 ι

796 1394 937 1456 Polydums,
946 1399 973 1444 tu
982 1395 1079 1458 quidem
1088 1396 1127 1444 bic
1135 1397 1210 1445 retine
1219 1409 1302 1446 omnes
1311 1396 1468 1458 fortissimum

765 1486 790 1531 at
799 1495 842 1543 eqo
851 1482 908 1531 illuc
916 1483 970 1543 ibo,
979 1487 1004 1532 et
1012 1496 1136 1532 occurram
1145 1483 1229 1546 praelio
1239 1499 1245 1531 :

766 1569 873 1633 protinus
882 1574 962 1620 autem
972 1574 1087 1630 revertar,
1096 1575 1225 1633 postquam
1234 1571 1295 1620 beoe
1303 1571 1351 1620 illis
1360 1571 1513 1624 mandavero.

797 1657 864 1708 Dixit
873 1672 879 1704 :
888 1663 913 1707 et
922 1659 1146 1721 cum-impetu-obiit
1152 1694 1159 1719 ,
1169 1659 1243 1707 monti
1253 1659 1338 1708 nivoso
1347 1659 1444 1721 similis,

766 1745 909 1805 inclamans,
918 1759 1008 1808 perque
1017 1745 1132 1807 Trojauos
1142 1745 1251 1806 volabat,
1261 1751 1285 1795 et
1290 1759 1340 1809 per
1349 1747 1436 1796 socios.

767 1833 797 1883 lli
806 1837 887 1883 autem
898 1833 929 1883 ad
938 1834 1085 1884 Panthoiden
1093 1833 1367 1884 fortitudinisumuntem
1376 1834 1547 1897 Polydamanta

766 1934 849 1970 omme
858 1920 1097 1983 ocyus-accurrebant
1104 1957 1112 1981 ,
1120 1926 1248 1984 postquam
1255 1922 1364 1970 Hectoris
1373 1921 1497 1972 audierant
1506 1936 1545 1971 uo

766 2008 837 2071 cem]
847 2013 924 2072 Atque
933 2009 973 2058 hic
980 2009 1192 2072 Deiphobumque,
1202 2009 1301 2071 vimque
1309 2008 1392 2060 lielcni
1402 2009 1477 2071 regis,

766 2096 917 2159 Asiadenque
927 2096 1097 2156 Adanmntem,
1106 2100 1131 2146 et
1140 2096 1238 2156 Asium,
1248 2097 1343 2159 llpmci
1353 2096 1443 2157 hlium,

766 2184 840 2234 itabat
849 2197 891 2247 per
899 2184 1156 2248 primos-pugnatores,
1166 2197 1289 2247 quaereus,
1300 2185 1376 2234 sicubi
1386 2185 1510 2235 inveniret.

766 2275 817 2321 llos
823 2276 903 2321 sotem
910 2273 1002 2322 invenit
1008 2272 1113 2334 uoniam
1119 2285 1217 2335 prorsus
1224 2272 1319 2333 illaesos,
1327 2285 1371 2322 nec
1378 2272 1546 2323 inexstinctus:

767 2359 809 2410 sed
818 2360 844 2409 hi
852 2359 951 2422 quidem
957 2359 1007 2421 ium
1017 2359 1154 2409 συνίστατο
1163 2373 1256 2423 puppes
1265 2360 1424 2421 Achivorum,

767 2449 813 2498 sub
821 2449 932 2498 manibus
940 2449 1083 2511 Argivorum
1090 2447 1203 2510 joceliant
1208 2448 1334 2497 animabus
1342 2447 1485 2510 deperditim

766 2536 806 2585 alii
816 2539 896 2585 autem
906 2536 931 2583 in
939 2549 1008 2584 muro
1018 2539 1086 2584 erant
1093 2535 1197 2583 eminus·
1205 2535 1500 2597 cominusquevulnerati.

766 2628 857 2673 Verum
867 2624 948 2672 statim
958 2622 1049 2672 invenit
1057 2635 1143 2684 pugne·
1152 2621 1183 2673 ul
1193 2622 1313 2671 sinistram
1322 2621 1456 2672 lacrimosae

766 2710 875 2760 divinum
880 2709 1048 2769 Alexandrum,
1054 2709 1149 2758 Helenae
1155 2708 1547 2771 maritumpulcrascomashabcn

766 2797 822 2861 tis,]
831 2797 1060 2847 animosoddentem
1068 2797 1153 2856 sociis,
1162 2801 1187 2845 et
1196 2795 1333 2845 incitantem
1342 2795 1484 2859 ad-pugnem
1495 2813 1502 2846 :

766 2901 840 2950 prope
848 2892 929 2936 autem
940 2890 1020 2946 stans,
1029 2898 1088 2934 eum
1095 2885 1261 2934 allocutusest
1270 2883 1391 2947 pmbrosis
1400 2885 1479 2934 verbis
1490 2899 1497 2933 ε

797 2975 977 3034 infauste-Pari,
986 2973 1062 3022 lorrna
1069 2973 1279 3036 praestantissime,
1285 2972 1420 3034 muliorose,
1426 2972 1547 3037 deceptor,

766 3064 807 3113 ubi
817 3062 860 3112 tihi
870 3060 1068 3125 Deiphobusque,
1078 3061 1164 3123 risque
1172 3060 1256 3110 Heleni
1265 3060 1341 3121 regis,

766 3151 913 3213 Asiadesque
922 3150 1042 3206 Adamas,
1053 3147 1415 3211 atqueAsius,}1yrtacidlius?

765 3239 806 3288 ubi
816 3252 875 3288 vero
884 3243 908 3288 et
918 3240 1088 3300 othryoneus?
1096 3250 1160 3285 nunc
1168 3235 1239 3299 periit
1248 3239 1298 3285 tois
1306 3249 1321 3284 a
1329 3235 1432 3286 ουίσιὶιιο

765 3326 821 3376 Ilios
830 3326 897 3377 alta?
905 3339 969 3377 nunc
977 3326 1022 3375 tibi
1031 3329 1157 3375 ooonaem
1165 3323 1245 3385 gravis
1254 3323 1379 3386 pernicies.

796 3416 867 3462 Hunc
876 3415 958 3462 summ
966 3411 1072 3460 vicissim
1080 3411 1243 3460 allocutueest
1253 3406 1387 3461 Alexander
1400 3409 1547 3459 dirlnmlor·

765 3512 812 3549 τινα
820 3498 836 3562 2]
846 3503 935 3549 Hector
947 3514 953 3546 :
964 3499 1077 3561 quoniam
1086 3498 1131 3548 iihi
1141 3498 1235 3549 ammos
1244 3501 1282 3548 est
1290 3498 1409 3548 insontem
1419 3497 1527 3561 colpum

765 3586 824 3636 alias
833 3586 930 3649 quidem
941 3587 1000 3634 lorte
1010 3586 1086 3647 magis
1096 3599 1193 3636 cessans
1202 3585 1310 3648 a-praelio

765 3675 862 3734 lirerim,
874 3687 923 3724 non
935 3687 1018 3730 ιιιιιιε,
1028 3674 1140 3737 quoniam
1147 3687 1225 3736 neque
1232 3687 1375 3737 meprorsus
1383 3673 1503 3724 imbellem
1510 3687 1547 3735 ge·

764 3763 926 3813 nueritmater
934 3760 950 3824 :]
958 3775 987 3810 ex
995 3774 1043 3823 quo
1050 3762 1114 3809 enim
1119 3760 1183 3823 apud
1190 3772 1265 3809 nares
1271 3744 1377 3822 puqmffn
1382 3759 1506 3810 suscitasti
1511 3772 1547 3808 so-

764 3851 854 3900 eiorum
860 3849 876 3912 ‚]
886 3863 916 3900 ex
926 3863 955 3900 eo
963 3850 1003 3898 hic
1012 3853 1135 3898 manentes
1144 3847 1309 3909 congredimur
1317 3848 1471 3897 erun-Danais

764 3938 925 3988 indesinenter
936 3953 942 3985 ι
954 3937 1011 3986 socii
1020 3942 1100 3986 autem
1110 3936 1234 3985 caesi-suut
1245 3939 1280 3991 ii,
1291 3950 1352 3999 quos
1363 3940 1390 3984 tu
1400 3933 1497 3998 quaeris.

764 4026 884 4086 Duoeoli,
894 4025 1080 4088 Deiphobusque
1089 4025 1174 4086 risque
1185 4023 1269 4073 lieleni
1279 4023 1354 4084 regis,

765 4114 888 4174 abierrmt,
898 4113 975 4175 longis
985 4112 1085 4161 sauciati
1095 4111 1185 4171 hastis,

764 4202 848 4262 ambo,
858 4202 882 4250 iu
892 4214 978 4261 mauu;
989 4199 1081 4249 eudem
1090 4205 1170 4249 autom
1178 4197 1274 4248 emebat
1283 4197 1418 4247 sotumius.

765 4285 1356 4351 Nuncverodoc,quotecoranimusqucjubei:
1488 4344 1493 4351 ι

765 4391 809 4426 nos
818 4377 881 4426 euim
892 4375 1048 4439 promtissimi
1058 4389 1106 4424 uno
1115 4366 1252 4438 sequemur,
1262 4385 1340 4436 neque
1349 4370 1447 4420 omniuo
1456 4373 1515 4434 puto

764 4465 854 4514 virtute
863 4464 993 4525 cauturos,
1004 4467 1120 4526 quantum
1130 4462 1227 4526 quidem
1239 4465 1266 4510 tn
1277 4459 1348 4509 nobis
1357 4459 1446 4507 virium
1455 4462 1508 4507 est:

764 4553 827 4602 ultra
837 4553 988 4601 viresautem
998 4549 1120 4611 nonlicet,
1131 4548 1287 4613 quantumuis
1296 4545 1392 4609 cupido,
1403 4559 1518 4608 pugnare.

795 4640 834 4689 Sic
844 4639 920 4700 iatus,
929 4639 997 4688 flexit
1006 4638 1085 4687 iratris
1094 4637 1202 4687 auhnum
1213 4637 1290 4685 heros.

764 4729 930 4778 Pmiectiouni
937 4731 1016 4776 nutem
1024 4727 1067 4787 ire,
1076 4726 1118 4775 ubi
1125 4725 1315 4786 maximepugua
1322 4728 1346 4772 et
1354 4721 1463 4785 praelium
1471 4725 1536 4777 eran

764 4816 809 4867 ubi
820 4816 961 4877 cum-copiis
973 4814 1149 4876 Cebriouesque
1158 4818 1183 4861 et
1191 4811 1295 4861 eximius
1303 4810 1460 4873 Polydamas,

747 4947 751 4951 .
764 4904 876 4966 Phalces,
887 4903 1046 4964 Orthaeusque
1055 4905 1079 4949 el
1088 4899 1185 4949 divinos
1193 4899 1350 4962 Polyphetes,

763 4992 922 5064 Palmpsque,
933 4989 1109 5052 Ascaniusque,
1120 4991 1261 5053 Morysque,
1273 4986 1337 5037 tilius
1347 4985 1513 5051 llippotiouis;

763 5080 806 5144 qui
815 5092 845 5129 ex
855 5077 956 5128 Ascania
965 5075 1061 5138 glebosa
1069 5079 1184 5127 venerant
1193 5076 1349 5126 suis-vicibus

764 5160 1543 5232 dispraecedeuti;tuncverolupiteroosimpluit-adpuguandun.
