3570 5932
222 403 400 480 titanos
424 418 445 477 ι.

91 547 151 608 ἐπιί
159 549 207 608 ούκ
215 548 293 608 ἐθέλω
301 545 474 626 πολεμιζέμεν
483 549 592 628 Ἕκτορι
599 547 661 629 δίῳ,

91 635 137 719 ίρέ
150 636 192 697 Διί
203 635 274 718 ῥέξας
282 635 402 695 καίπᾶσι
412 639 514 709 θεοῖσιν,

89 716 132 792 :sd
141 731 218 799 νῆας,
228 724 294 797 ἐπήν
304 724 386 783 ύλαδι
395 722 563 805 προερύσσω,

93 811 127 884 ἢν
136 812 276 893 ἐθέλῃσθα,
284 811 331 871 καί
340 811 369 870 αἰ
377 809 421 870 κέν
429 834 470 870 τοι
478 810 512 870 sd
521 810 642 892 μεμήλῃ,

89 902 110 960 λ’
120 901 317 974 Ἑλλήςποντον·
322 899 365 959 ἐπ’
375 898 509 979 ἰχθυόεντα
519 897 649 967 πλεούσας

89 989 212 1065 ιδς,ἐνδ’
222 989 317 1070 ἀνδρας
325 986 492 1070 ἐρεσσέμεναι
501 991 652 1066 μεμαῶτας·

89 1103 107 1136 ν
115 1077 240 1150 εὐπλοίην
252 1075 305 1156 δύῃ
315 1074 407 1142 κλυτδς
418 1074 623 1155 Ἐννοσίγαιος,,

89 1190 116 1225 κε
125 1166 240 1248 τριτάτῳ
249 1163 337 1236 Φθίην
346 1162 471 1245 ἐρίθωλον
480 1163 595 1241 ἱκοίμην.

89 1248 390 1332 ἰέμσιμάλαπολλθ,τίι
397 1249 526 1310 κάλλιπον
533 1250 622 1309 ἐνθάδε
630 1248 697 1334 {ppei
713 1275 719 1288 ·

89 1344 101 1396 i
111 1339 210 1400 ἐνθένδε
217 1338 316 1422 χρυσθν
323 1337 369 1397 καί
378 1335 479 1418 χαλκδν
488 1336 604 1420 ἐρυθρδν,

89 1437 172 1495 ιαῖκας
180 1426 304 1495 ἐϋζώνους
311 1425 402 1485 πολιόν
412 1448 439 1484 τε
449 1424 554 1506 σίδηρον

92 1562 101 1590 ,
111 1515 173 1575 ἀσσ’
182 1512 279 1594 ἔλαχόν
287 1537 326 1593 γε·
336 1511 415 1595 γέρας
424 1512 453 1572 δέ
460 1536 505 1590 μοι
514 1510 593 1595 όςπιρ
602 1510 708 1588 ἔδωκεν,

89 1603 217 1684 φυόρίζων
227 1601 301 1661 ἕλετο
310 1599 403 1681 κρείων
413 1598 584 1680 Ἀγαμέμνων

89 1704 130 1765 ῖης
141 1691 191 1773 (τῷ
199 1689 276 1750 πάντ’
287 1687 452 1770 ἀγορευέμεν,
462 1691 497 1755 ῶς
506 1685 647 1761 ἐπιτέλλω,

89 1780 120 1840 ἰν·
130 1780 197 1862 ὄφρα
207 1777 253 1837 καί
264 1776 339 1835 ἄλλοι
348 1775 539 1844 ἐπισκύζωνται
549 1775 650 1856 Ἀχαιοὶ

89 1891 142 1927 που
153 1869 264 1927 Δαναῶν
274 1863 312 1922 ἐτι
321 1861 430 1923 ἔλπεται
439 1860 621 1936 ἐξαπατήσειν,

89 1955 190 2029 αιδείην
200 1950 362 2032 ἐπιειμένος)
372 1950 425 2010 οὐδ’
434 1949 466 2009 ἀν
476 1949 565 2030 ἔμοιγε

89 2072 112 2119 q,
123 2040 212 2111 κύνεός
222 2065 272 2123 περ
283 2039 340 2113 ἐὼν,
351 2043 387 2107 εἰς
396 2029 456 2098 ῶπα
467 2037 575 2096 ἰδέσθαι·

92 2136 116 2192 οἰ
129 2129 223 2213 βουλάς
234 2128 454 2211 συμφράσσομαι,
464 2124 522 2186 otii
533 2123 581 2203 μέν
591 2124 674 2206 ἔργον·

89 2221 121 2292 δή
132 2219 160 2298 μ’
170 2218 290 2290 ἀπάτησε
299 2216 344 2275 καί
354 2216 450 2288 ἤλιτεν·
461 2212 513 2272 οὐδ’
525 2212 555 2271 ἀν
566 2211 600 2270 ἐτ’
611 2203 684 2279 αύτις

89 2307 142 2368 ιοιτ’
152 2305 278 2366 ἐπέεσσιν·
288 2305 345 2372 άλις
354 2303 382 2362 δέ
391 2305 428 2375 σί,
440 2299 508 2359 ἀλλά
518 2299 609 2372 ἕκηλος

88 2423 94 2434 ’
104 2400 136 2456 ἐκ
144 2394 195 2476 γθρ
204 2385 232 2453 τύ
243 2392 336 2476 φρένας
346 2390 429 2450 είλετο
439 2389 550 2467 μητίετα
560 2386 634 2455 Ζεύς.

89 2483 131 2544 ιδέ
139 2505 184 2562 μοι
192 2488 237 2542 τοῦ
248 2483 333 2563 δῶρα,
342 2479 390 2539 τίοι
401 2477 429 2537 δέ
438 2501 482 2556 μιν
492 2479 518 2535 ἐν
530 2476 609 2558 καρδς
618 2476 690 2558 step.

97 2596 143 2650 μοι
152 2570 255 2636 δεκάκις
263 2592 291 2627 τε
300 2567 346 2626 καί
355 2565 485 2632 εἰκοσάκις
493 2563 559 2623 τόσα
569 2563 640 2638 δοίη,

88 2662 127 2720 lot
138 2666 182 2718 νῦν
192 2658 246 2718 ἐστί
255 2656 301 2716 καὶ
310 2655 335 2714 εί
342 2659 419 2714 ποθεν
429 2653 498 2712 ἄλλα
508 2649 616 2729 γένοιτο·

89 2743 299 2828 ’ἐςὈρχομενὸν
310 2741 488 2802 ποτινίσσεται
497 2739 549 2799 σιίδΙ
560 2738 609 2798 ὅσα
625 2738 719 2811 Θήόας

89 2834 148 2906 ier,
157 2833 197 2893 ύθι
206 2834 317 2891 πλεῖστα
328 2827 415 2907 δόμοις
425 2830 452 2887 ἐν
460 2826 585 2903 κτήματα
595 2834 688 2884 κεῖται·

89 2920 228 3000 ιτόμπυλοί
237 2922 301 2991 εἰσι,
310 2915 436 2989 διηκόσιοι
446 2915 468 2974 δ’
479 2915 517 2974 ἀν’
528 2913 641 2987 ἑκάστην

89 3010 227 3090 ἐξοιχνεῦσι
236 3006 282 3066 σὺν
291 3005 409 3064 ἵπποισιν
418 3004 463 3064 καί
472 3002 588 3082 ὄχεσφιν·

89 3121 130 3159 σοι
138 3094 204 3155 τόσα
215 3092 271 3167 δοίη
281 3091 330 3151 ὅσα
339 3089 460 3173 ψάμαθός
468 3113 497 3148 τε
507 3087 575 3157 κόνις
583 3111 626 3161 τε,

89 3209 100 3244 ν
109 3183 145 3250 ὣς
155 3182 193 3241 ἐτι
202 3181 282 3259 θυμὸν
292 3179 353 3257 ἐμθν
363 3177 456 3237 πείσει’
467 3174 648 3255 Ἀγαμέμνων,

93 3271 147 3330 ἀπὸ
155 3280 244 3328 πᾶσαν
254 3269 312 3346 ἐμοὶ
322 3264 429 3345 δόμεναι
438 3262 577 3343 θυμαλγέα
586 3261 685 3336 λῶθην.

89 3386 93 3411 ι
103 3359 127 3418 δῖ
136 3360 166 3418 οὔ
176 3355 267 3437 γαμέω
276 3353 465 3434 Ἀγαμέμνονος
474 3350 615 3434 Ἀτρείδαο·

89 3445 192 3528 γρυσιίῃ
203 3444 338 3526 Ἀφροδίτη
348 3442 443 3509 κάλλος
453 3442 545 3525 ἐρίζοι,

92 3533 216 3613 Ἀθηναίῃ
226 3529 388 3611 γλαυκώπιδι
401 3529 558 3612 ἰσοφαρίζοι,

89 3647 99 3681 ν
109 3621 145 3689 ὣς
153 3618 253 3699 γαμέω·
263 3621 277 3676 θ
287 3617 308 3676 δ’
319 3617 429 3697 Ἀχαιῶν
439 3615 518 3675 ἀλλον
528 3613 624 3674 ἑλέσθω
628 3659 637 3688 ,

94 3709 118 3768 τ’
128 3707 229 3768 ἐπέοικε
238 3704 319 3774 καὶθς
330 3700 511 3786 βασιλεύτερός
520 3705 598 3762 ἐστιν.

89 3821 101 3879 ρ
110 3796 143 3868 δή
153 3819 186 3872 με
196 3791 277 3853 σύωσι
287 3793 338 3852 θεολ
347 3791 392 3851 καί
401 3790 484 3850 οἴκαδ’
494 3788 608 3867 ἵκωμαι,

89 3907 92 3949 ς
101 3882 150 3953 θήν
160 3904 204 3960 μοι
214 3879 304 3939 ἔπειτα
313 3888 425 3958 γυναῖκα
435 3876 596 3956 γαμέσσεται
606 3875 691 3945 αύτός.

89 4016 91 4026 ,
101 3964 229 4050 Ἀχαιΐδες
238 3968 302 4027 εἰσίν
312 3967 352 4026 ἀν’
362 3965 481 4026 Ἑλλάδα
491 3989 520 4024 τε
529 3964 616 4038 Φθίην
625 3987 668 4038 τε,

89 4055 229 4137 ἀριστήων,
238 4054 292 4113 οἵτε
300 4053 441 4134 πτολίεθρα
454 4050 566 4134 ῥύονται·

89 4169 100 4203 ν
109 4144 134 4204 κ’
144 4142 254 4220 ἐθέλοιμι
263 4143 341 4224 φίλην
350 4139 473 4217 ποιήσομ’
484 4139 592 4198 ἄκοιτιν.

89 4230 111 4290 ii
119 4253 165 4310 μοι
174 4230 246 4308 μάλα
255 4229 353 4289 πολλὸν
363 4226 490 4288 ἐπέσσυτο
499 4226 579 4304 θυμὸς
587 4226 714 4308 ἀγήνωρ,

89 4318 231 4397 κμνησπήν
241 4318 346 4398 ἀλσρον,
355 4319 454 4376 εἰκυῖαν
464 4316 572 4387 ἄκοιτιν,

89 4431 106 4465 ιι
113 4405 266 4488 τέριιεσθαι,
276 4404 309 4463 τίι
318 4403 400 4486 γέρων
411 4402 540 4475 ἐκτήσατο
549 4400 662 4474 Πηλεύς·

89 4493 147 4572 ἐμοί
156 4496 242 4574 ψυχῆς
250 4490 379 4564 ἀντάξιον,
388 4490 441 4550 οὐδ’
451 4489 501 4549 ὅσα
511 4489 589 4572 φασίν

89 4586 214 4653 κτῆσθαι,
223 4579 388 4657 εθναιόμενον
398 4577 557 4661 πτολίεθρον,

96 4667 139 4727 ἐπ’
149 4667 265 4749 εἰρήνης,
274 4668 335 4749 πρίν
345 4669 432 4726 ἐλθεῖν.
437 4657 494 4733 υἷας
503 4666 623 4746 Ἀχαιῶν·

89 4755 196 4823 ιλάίνος
205 4756 277 4822 ούδδς
287 4755 415 4838 ἀφήτορος
425 4753 495 4827 ἐντὸς
505 4753 587 4835 ἐέργει

96 4845 271 4917 Ἀπολλωνος,
281 4848 365 4906 Πυθοῖ
375 4842 412 4902 ἔνι
421 4841 579 4923 πετρηέσσῃ.

89 4931 155 5012 ἰμέν
164 4931 215 5015 γάρ
226 4956 251 4991 τε
264 4930 320 5013 βόες
329 4930 374 4991 καί
383 4931 440 5013 ἴφια
451 4933 538 5008 μῆλα,

89 5017 239 5100 δέτρίποδές
248 5016 426 5078 resciissent
436 5015 515 5085 ξανθδι
525 5015 635 5098 κάρηνα·

89 5105 114 5166 δέ
123 5104 196 5191 φυγή
206 5105 285 5165 πάλιν
296 5107 378 5165 ἐλθεῖν
387 5103 446 5164 ούτε
456 5102 545 5176 λεῖα-σή

89 5192 142 5269 πή,
151 5193 209 5255 ἐπεί
218 5193 252 5277 ἀρ
261 5217 305 5254 κεν
317 5193 459 5276 ἀμείψεται
468 5191 541 5280 ἐρκος
550 5190 669 5254 ὀδόντων.

1010 420 1185 484 titanis
1205 425 1265 486 IX.
1487 439 1538 491 τοι

763 551 832 600 ltunc
841 563 911 616 rero,
919 550 1032 616 quonum
1040 551 1097 601 uolo
1105 565 1211 615 pugnare
1220 555 1385 605 cum-Hectore
1394 555 1488 619 divino,
1532 610 1543 621 „

762 650 828 700 cras,
838 639 911 689 saeris
919 638 976 689 lori
985 639 1053 689 lactis
1062 643 1087 689 et
1095 640 1209 690 omnibus
1218 640 1276 703 diis,

763 731 873 777 onustas
882 727 942 778 bene
951 740 1026 778 naves
1034 733 1163 791 postquam
1172 729 1197 779 in
1206 743 1272 780 mare
1281 729 1417 796 deduxero,

764 813 1394 880 ridebis,sirolucris,etsitibilueccurae·iuerint‚
1480 859 1484 877 ,

764 901 824 953 bene
833 916 903 953 mane
910 903 1091 967 Hellespontum
1100 918 1173 969 super
1182 905 1302 969 piscosum
1311 908 1426 958 vehentes

764 1004 838 1042 nares
847 1004 926 1056 meas,
934 992 1008 1055 inque
1017 996 1080 1056 ipsis
1088 993 1153 1043 riros
1163 994 1292 1055 remigandi
1302 994 1421 1058 cupidos:

763 1091 791 1129 ae
799 1079 820 1128 si
828 1079 1545 1144 prosperamnavigattonemdederittnctytusterreeoneus·

764 1165 821 1231 son]
831 1167 870 1218 die
879 1167 928 1218 lere
938 1168 1006 1218 lertio
1015 1168 1160 1219 inPhthiam
1168 1168 1289 1231 glebosam
1298 1183 1437 1234 pervenero.

763 1258 825 1314 sunt
835 1261 916 1306 autem
927 1256 986 1306 mihi
997 1257 1127 1321 pennula,
1139 1270 1194 1321 qua·
1205 1257 1302 1321 reliqui,
1314 1258 1362 1308 hnc
1374 1257 1544 1314 mulctato-ve·

764 1343 832 1394 niens
842 1343 857 1408 :]
867 1344 931 1395 aliud
942 1358 999 1395 vero
1008 1345 1063 1394 hinc
1071 1358 1158 1395 aurum
1166 1347 1191 1394 et
1199 1357 1233 1394 aas
1242 1345 1356 1407 mbmm,

763 1437 788 1484 et
796 1433 897 1482 seminas
905 1433 1103 1495 pulcre-cinctas,
1112 1445 1247 1495 canumque
1255 1431 1346 1488 terrum

763 1520 1117 1584 abducam,quaesortitus·sum
1124 1535 1129 1569 :
1137 1521 1351 1584 praemonentem
1358 1520 1545 1588 mlldquidedit,

763 1610 815 1672 lpse
823 1608 890 1660 milti
898 1608 1017 1659 insultans
1025 1608 1125 1662 abstulit
1133 1622 1178 1659 rex
1186 1613 1334 1671 Agamemno

764 1697 858 1748 Atrides
869 1712 875 1746 :
887 1697 919 1761 (ei
927 1696 1116 1757 cantuareferto,
1124 1700 1152 1746 ut
1162 1696 1263 1757 utendo,

764 1785 843 1848 palam
854 1800 860 1834 :
870 1789 898 1834 nt
906 1789 931 1835 et
940 1785 979 1836 alii
986 1785 1140 1847 indignentur
1149 1783 1246 1845 detrivi,

763 1875 784 1925 si
793 1887 865 1937 quem
874 1873 934 1924 torte
943 1877 1079 1930 Damorum
1087 1872 1167 1922 adhuc
1176 1875 1256 1936 sperat
1264 1884 1291 1921 se
1299 1870 1478 1933 fraudaturum,

763 1973 857 2024 semper
865 1959 1012 2024 irnpudentia
1022 1959 1121 2009 indutus
1129 1961 1146 2022 ς)
1157 1972 1202 2009 nec
1210 1959 1378 2022 mihi-quidem

763 2048 839 2111 ausu,
848 2047 1051 2112 proterve-audax
1060 2047 1117 2096 licet
1126 2048 1170 2109 sit,
1179 2046 1264 2096 taciem
1274 2047 1377 2108 intueri;

763 2136 1004 2188 necomninocnmeo
1009 2136 1108 2185 consilia
1113 2128 1301 2195 communicabo,
1306 2147 1350 2183 nec
1356 2133 1545 2184 ἰσοιιιιιιιιίἐιιιιι.Ι

762 2225 923 2288 namjamrne
931 2224 1025 2287 decepit
1033 2227 1058 2275 et
1067 2222 1179 2284 oiiendit,
1189 2236 1235 2272 nec
1245 2221 1324 2273 minuc
1332 2235 1417 2272 rursus

762 2311 828 2364 fallet
836 2311 917 2363 εοεθίσ
927 2327 933 2361 :
944 2312 1002 2361 satis
1011 2316 1093 2361 eutem
1102 2311 1124 2361 ei
1132 2314 1185 2361 sit:
1195 2324 1279 2364 verum
1287 2311 1384 2372 quietus

762 2406 844 2465 pereat
854 2416 861 2450 ε
870 2414 927 2451 nam
935 2401 957 2451 ei
966 2403 1071 2450 mentem
1080 2399 1169 2450 exemit
1177 2397 1292 2461 providus
1301 2397 1404 2460 Jupiter.

762 2489 843 2539 invisa
851 2493 932 2539 autern
940 2487 1000 2538 milri
1008 2488 1062 2550 eius
1070 2488 1145 2548 dona,
1154 2487 1295 2549 aslimoque
1304 2498 1362 2535 enm
1368 2484 1447 2536 nihili.

761 2581 810 2628 Nec
819 2577 907 2628 slmihi
915 2576 1043 2638 deciesque
1052 2580 1076 2625 et
1085 2575 1160 2624 vicies
1168 2578 1236 2623 muta
1245 2574 1329 2636 daret,

762 2670 851 2729 quauta
860 2664 955 2715 einunc
963 2668 1033 2723 sunt,
1043 2666 1068 2712 et
1076 2663 1097 2711 si
1106 2661 1218 2712 alicunde
1228 2661 1274 2710 alia
1283 2660 1442 2710 decederent:

761 2767 806 2803 nec
815 2756 906 2816 quanta
917 2751 1095 2802 Orchomenum
1105 2749 1250 2808 adveniunt,
1260 2761 1304 2797 nec
1312 2752 1402 2810 quanta
1412 2747 1509 2797 Thebas

761 2840 898 2903 AEgyptias,
907 2838 949 2889 ubi
959 2838 1070 2903 plurimae
1079 2837 1103 2885 in
1113 2836 1228 2887 dontibus
1233 2848 1292 2897 opes
1299 2834 1401 2896 jaoeut;‚

762 2941 817 2992 quse
824 2931 921 2978 centum
928 2929 1010 2990 portas
1017 2924 1115 2984 hahent,
1122 2923 1211 2975 duceni
1218 2926 1545 2985 autcmperunamquamque

761 3015 808 3065 riri
817 3014 970 3078 egrediuntur
978 3025 1034 3062 cum
1043 3012 1112 3074 equis
1122 3015 1146 3060 et
1155 3008 1282 3060 curribus:

761 3117 806 3153 nec
814 3103 835 3152 si
844 3102 903 3151 milri
913 3104 980 3152 anta
988 3099 1065 3160 daret,
1075 3103 1165 3160 quanta
1175 3100 1239 3147 sent
1248 3108 1367 3158 arenaque
1376 3095 1522 3158 pulvisque,

761 3204 792 3240 ne
801 3191 836 3240 sic
845 3188 943 3254 quidem
950 3188 1000 3254 jam
1009 3187 1118 3236 animum
1128 3197 1209 3234 meum
1218 3183 1311 3233 flexerit
1321 3188 1481 3245 Agamemno,

761 3282 889 3341 antequam
899 3280 974 3326 tutam
983 3274 1044 3325 mihi
1052 3274 1124 3323 luerit
1133 3271 1242 3327 acerbam
1252 3270 1430 3326 contumeliam

761 3367 846 3418 Filiam
855 3369 937 3416 autem
946 3377 994 3413 non
1003 3362 1091 3412 ducam
1101 3360 1286 3423 Agamemnonis
1296 3358 1386 3414 Atridae
1398 3374 1404 3407 ι

760 3467 791 3504 ne
800 3453 821 3504 si
829 3452 927 3517 quidem
936 3464 1007 3501 aurea
1016 3453 1174 3500 cum-Venere
1183 3447 1469 3511 pulcritudinecertaret,

760 3541 919 3605 operibusque
927 3540 1042 3589 Minerva
1052 3537 1217 3588 casleoculis
1228 3539 1356 3598 paresset,

761 3643 791 3679 ne
798 3628 937 3692 sicquidem
944 3626 1105 3686 eamdummr
1113 3623 1377 3688 lpseveroltulriiorum
1383 3621 1544 3684 aliumeligat‚

759 3717 833 3780 qui'ei
841 3715 980 3778 conveniat,
988 3718 1014 3764 et
1022 3714 1064 3776 qui
1075 3711 1261 3775 maior-imperio
1270 3711 1309 3760 sit.

761 3806 787 3856 si
795 3805 858 3855 enirn
865 3804 915 3867 jam
924 3816 963 3852 me
972 3800 1089 3852 servarint
1098 3799 1145 3860 dii,
1155 3803 1179 3850 et
1187 3798 1287 3848 domum
1297 3812 1398 3859 venero,

760 3894 846 3944 Peleus
855 3891 914 3941 milti
923 3891 1034 3952 deinceps
1043 3901 1143 3938 uxorem
1152 3885 1307 3949 desponsabit
1316 3887 1376 3948 ipse.

743 4049 745 4052 Α
760 3981 842 4032 Multae
852 3980 949 4031 Achiva
958 3982 1016 4028 suut
1023 3988 1066 4040 per
1075 3975 1246 4038 Hellademque
1256 3974 1431 4036 Phthiamquc,

760 4070 815 4119 tiliae
822 4068 969 4131 principum,
977 4066 1020 4129 qui
1028 4064 1100 4114 urbes
1108 4067 1207 4114 tuentur
1217 4076 1224 4112 ι

760 4158 844 4207 irarum
853 4167 926 4220 quarn
935 4154 1048 4214 voluero,
1057 4136 1168 4202 dilectam
1178 4149 1262 4202 faciam
1272 4161 1386 4200 uxorem.

760 4245 811 4295 illic
819 4248 900 4294 autem
909 4242 968 4292 milri
977 4241 1107 4306 plurinum
1116 4238 1206 4302 appetit
1214 4237 1309 4286 animus
1318 4234 1394 4286 virilis
1401 4269 1418 4294 ,r

760 4334 832 4382 ducta
840 4329 946 4393 legitima
955 4342 1043 4390 uxore,
1053 4331 1108 4391 apta
1117 4328 1235 4388 coniuge„

760 4418 951 4484 possessionibus
962 4417 1021 4477 irui,
1031 4429 1092 4478 quas
1102 4428 1174 4464 senex
1185 4411 1329 4475 conquisivit
1338 4407 1424 4460 Peleus
1435 4423 1444 4456 :
1494 4447 1495 4451 ,

759 4495 1542 4567 nonenimmihiritaeoequiparandum,nequantasquidemopes

759 4595 835 4660 aiunt]
845 4595 917 4645 llium
926 4593 1075 4658 possedisse,
1085 4589 1286 4640 bene-habitatam
1294 4585 1393 4646 urbem,

759 4685 860 4734 anoehec
868 4683 893 4734 in
902 4681 1121 4747 pace,.priasanm
1132 4676 1286 4727 advenissent
1295 4673 1337 4722 irlii
1347 4673 1492 4724 Acirivorrrm
1504 4688 1510 4718 ι

759 4786 803 4822 nec
811 4777 914 4835 quantas
923 4770 1043 4834 lapideum
1052 4769 1123 4817 limen
1132 4763 1270 4827 jaculatoris
1279 4762 1345 4811 intus
1355 4761 1458 4810 continet

759 4860 842 4911 ruunt
852 4859 978 4922 Apollinis,
987 4856 1064 4918 Pytho
1073 4855 1098 4903 in
1107 4865 1202 4903 saxosa.

759 4942 1017 5006 t‘raedandoparahites
1025 4941 1089 4991 enirn
1098 4941 1160 4990 aunt
1168 4938 1291 5000 bovesque
1300 4941 1324 4987 et
1333 4937 1434 5000 pingues
1442 4948 1501 4986 oves
1507 4963 1523 4996 ,ι

758 5031 957 5096 parabilesetiam
966 5027 1119 5092 tripodesque
1128 5031 1152 5077 et
1161 5039 1278 5090 equorum
1288 5023 1438 5086 tlavacaplta
1449 5037 1454 5071 :

759 5120 862 5170 hominis
870 5131 929 5168 vero
936 5117 1017 5166 anima
1025 5115 1210 5178 ut·redeat,nec
1218 5114 1410 5176 retrahi-potest,

758 5221 837 5272 neque
845 5193 1078 5272 pendqpcstpnm
1085 5203 1164 5270 seusei
1173 5201 1292 5254 transierit
1302 5203 1398 5264 septum
1407 5194 1522 5246 denium.
