3570 5932
433 417 614 478 lhllaoz
638 419 671 478 λ’.

206 548 311 630 τεύχεσι
319 548 488 631 παμφαίνων,
498 546 555 616 ὥστ’
564 548 683 631 ἠλέκτωρ
693 549 831 633 Ὑπερίων.

207 635 373 719 Σμερδοιλέον
382 635 405 694 δ’
413 634 531 694 ἵπποισιν
541 635 660 695 ἐκέκλετο
668 638 766 720 πατρὸς
774 642 834 698 έοῑο·

154 745 194 784 loo
235 735 237 738 ’
247 724 335 784 Ξάνθε
343 747 373 783 τι
383 723 428 782 καλ
438 723 529 796 Βαλίε,
538 722 685 797 τηλεκλυτὰ
696 724 774 784 τέκνα
784 725 934 808 Ποδάργης,

207 811 292 878 ἄλλως
302 809 333 882 δή
343 810 471 893 φράζεσθε
482 811 618 888 σαωσέμεν
629 817 743 891 ἡνιοχῆα

207 898 246 979 ἂψ
255 902 366 958 Δαναῶν
377 901 401 965 ές
410 896 510 975 ὅμιλον,
520 899 577 956 έπεί
585 899 611 978 χ’
623 898 706 976 ἔσιμεν
715 900 849 978 πολέμοιο·

206 986 268 1064 μηδ’
269 1031 277 1058 ,
287 990 322 1053 ὡς
331 985 496 1067 Πάτροκλον,
508 985 591 1045 λίπετ’
603 989 682 1047 αὐτοῦ
692 993 834 1061 τεθνηῶτα.

246 1074 329 1134 Τδνδ
336 1073 427 1155 άρύπὸ
438 1072 527 1156 ζυγόφι
537 1073 650 1156 προςέφη
663 1075 745 1144 πόδας
756 1075 934 1150 αἰόλοςίππος,

153 1183 193 1221 tot
206 1161 320 1234 Ξάνθος,
331 1162 402 1243 άφαρ
412 1163 434 1219 δ’
446 1161 530 1238 ήμυσε
541 1162 663 1242 καρήατι·
673 1172 748 1221 πᾶσα
759 1161 785 1221 δέ
793 1161 889 1242 χαίτη,

206 1247 314 1326 ζεύγλης
324 1247 475 1330 ἐξεριποῦσα
486 1249 558 1330 παρὰ
569 1249 644 1329 ζυγὸν
654 1241 731 1316 ούδας
739 1248 835 1308 ίκανεν·

206 1335 336 1407 αὐδήεντα
346 1336 367 1394 δ’
379 1334 455 1408 ἔθηκε
465 1334 510 1395 orl
519 1335 677 1404 λευκώλενος
685 1336 723 1397 Ἥ
727 1361 741 1418 ρ
762 1360 767 1373 ·

246 1423 301 1484 Καὶ
311 1422 370 1495 λίην
380 1426 403 1481 σ’
415 1423 453 1482 έτι
461 1429 506 1481 νῦν
517 1423 663 1502 σαώσομεν,
677 1423 764 1504 όόριμ’
776 1424 906 1503 Ἀχιλλεῦ·

205 1510 273 1570 ἀλλά
282 1533 322 1569 τοι
333 1509 439 1590 ἐγγύθεν
449 1503 523 1592 ήμαρ
532 1511 654 1592 ὀλέθριον·
668 1512 727 1570 οὐδέ
738 1534 777 1570 τοι
789 1515 867 1588 ἡμεῖς

152 1618 192 1658 sto
205 1598 297 1670 αἴτιοι,
308 1596 377 1655 ἀλλὰ
390 1596 445 1665 θεός
453 1621 481 1655 τε
492 1595 575 1676 μέγας
584 1598 629 1656 καί
639 1602 728 1680 Μοῖρα
738 1596 860 1680 κραταιή.

205 1684 275 1746 Οὐδὲ
286 1684 337 1766 γὰρ
346 1683 462 1766 ἡμετέρη
475 1684 618 1765 βραδυτῆτί
627 1708 654 1742 τε
664 1683 777 1763 νωχελίῃ
787 1708 816 1742 τε

204 1776 294 1854 Τρῶες
304 1773 350 1830 ἀπ’
360 1770 452 1848 ὤμοιϊν
462 1769 619 1850 Πατρόκλου
628 1768 716 1850 τεύχε’
728 1769 825 1830 ἕλοντο·

204 1857 272 1918 ἀλλὰ
283 1862 347 1917 θεῶν
357 1856 479 1939 ώριστος,
489 1856 517 1915 ὃν
526 1852 640 1934 ἠύκομος
649 1855 709 1915 τέκε
720 1854 815 1929 Λητὼ,

204 1946 290 2005 ἔκταν’
300 1946 337 2004 ht
345 1945 521 2027 προμάχοισι,
532 1945 577 2004 καὶ
586 1945 698 2026 Ἕκτορι
707 1946 784 2011 κῦδος
793 1943 897 2003 ἔδωκεν.

151 2054 191 2093 ιιε
204 2038 263 2095 Νῶϊ
272 2032 299 2092 δέ
309 2033 355 2092 καί
363 2056 407 2091 κεν
418 2033 473 2110 ἅμα
484 2037 560 2112 πνοιῇ
571 2029 697 2114 Ζεφύροιο
707 2030 817 2108 θέοιμεν,

203 2121 286 2202 ἥνπερ
297 2120 475 2202 έλαφροτάιην
486 2120 545 2201 φάσ’
557 2119 677 2198 ἔμμεναι·
688 2117 755 2177 ἀλλά
765 2118 806 2178 σοί
816 2120 888 2198 αύτῷ

205 2208 333 2292 μόρσιμόν
344 2213 399 2268 ἐστι
409 2213 459 2290 θεῷ
468 2232 496 2267 τε
508 2199 683 2290 καθένέριῖφι
693 2209 818 2285 δαμῆναι.

243 2295 293 2364 Ὦς
303 2296 353 2378 άρα
365 2319 406 2374 φω
425 2361 429 2367 ,
474 2319 532 2362 ντος
541 2293 658 2376 Ἐρινύες
668 2293 773 2373 ἔσχεθον
783 2292 873 2363 αὐδήν.

204 2385 258 2445 Τὸν
270 2382 296 2443 δέ
307 2382 365 2464 μέγ’
374 2387 409 2465 δχ
443 2390 447 2399 ’
477 2383 610 2467 ςπροςέφη
620 2383 702 2452 πόδας
717 2380 784 2450 ὠκύς
793 2382 933 2464 Ἀχιλλεύς.

151 2494 191 2533 ⁴20
245 2471 341 2543 Ξάνθε,
352 2471 379 2529 τί
388 2495 432 2548 μοι
443 2470 553 2529 θάνατον
563 2468 721 2548 μαντεύεαι,
731 2467 790 2528 οὐδέ
799 2468 825 2526 τί
834 2491 863 2527 σε
873 2468 934 2550 χρή.

206 2549 248 2619 El
257 2556 286 2616 νύ
296 2581 336 2618 τοι
346 2549 403 2616 οἶδα
413 2557 458 2616 καλ
468 2556 558 2630 αὐτὸς,
568 2555 585 2614 ό
590 2581 635 2634 μοι
645 2555 723 2639 μόρος
731 2555 815 2614 ἐνθάδ’
825 2555 930 2615 ὀλέσθαι

203 2645 279 2728 νόσφι
291 2645 366 2727 φίλου
375 2645 474 2726 πατρὸς
485 2644 530 2703 καλ
540 2643 659 2726 μητέρος·
671 2642 739 2702 ἄλλα
750 2644 795 2703 καὶ
805 2644 892 2723 έμπης

204 2737 233 2793 οὗ
242 2732 328 2806 λήξω,
337 2734 398 2815 πρὶν
408 2736 503 2814 Τρῶας
512 2733 578 2805 ἄδην
589 2732 682 2792 ἐλάσαι
691 2734 827 2811 πολέμοιο.

242 2812 281 2882 Ἦ
289 2826 331 2902 ha,
342 2820 420 2881 καλέν
429 2819 541 2903 πρώτοις
553 2821 635 2900 ἰάχων
642 2820 686 2902 ἔχε
699 2820 823 2902 μώνυχας
831 2821 935 2889 ἵππους.

156 431 212 482 282

450 2991 636 3015 ...ομ-ό

356 3118 645 3212 ΙΛΙΑΔΟΣ
688 3123 739 3211 Υ.

430 3321 651 3435 Θεομαχία.

244 3508 298 3575 Ὣς
307 3508 331 3566 οί
342 3505 389 3584 μέν
400 3503 473 3586 παρδι
483 3503 559 3576 νηυσὶ
568 3501 690 3584 κορωνίσι
700 3504 865 3586 θωρήσσοντο

205 3597 273 3678 ἀμφί
284 3594 327 3666 σέ,
337 3594 441 3666 Πηλέος
451 3591 503 3664 υίέ,
514 3591 602 3671 μάχης
612 3590 749 3674 ἀκόρητον,
760 3593 869 3672 Ἀχαιοί·

205 3688 295 3765 Τρῶες
305 3683 326 3741 δ’
338 3673 394 3739 αὖθ’
407 3679 529 3760 ἑτέρωθεν
540 3679 583 3736 ἐπὶ
594 3684 708 3761 θρωσμῷ
717 3680 826 3740 πεδίοιο.

246 3769 310 3836 Ζεὺς
316 3767 342 3827 δέ
348 3769 470 3845 Θέμιστα
477 3764 582 3823 κέλευσε
589 3764 660 3832 θεοὺς
667 3766 793 3848 ἀγορήνδε
806 3767 934 3827 καλέσσαι

178 3881 191 3917 ε
204 3857 298 3940 κρατδς
308 3857 352 3914 ἀπ’
363 3855 518 3931 Οὐλύμποιο
527 3852 705 3932 πολυπτύχου·
716 3858 733 3925 ή
745 3856 766 3912 δ’
778 3854 828 3936 άρα
838 3855 925 3929 πάντη

204 3945 366 4028 φοιτήσασα,
377 3942 483 4001 κέλευσε
494 3939 554 4006 Διὸς
562 3940 627 4020 πρὸς
637 3942 711 4016 δῶμα
721 3942 832 4000 νέεσθαι.

203 4034 272 4095 Οὔτε
282 4057 320 4098 τις
330 4023 373 4089 σύν
384 4031 517 4104 Ποταμῶν
528 4025 619 4097 ἀπέην,
629 4025 702 4106 νόσφ’
713 4028 861 4102 Ὠκεανοῖο,

205 4121 257 4180 οὔτ’
267 4120 319 4202 άρα
330 4116 477 4198 Νυμφάων,
488 4112 537 4171 αἵτ’
547 4113 629 4171 ἄλσεα
639 4112 709 4172 καλά
718 4113 854 4190 νέμονται,

204 4208 250 4266 καλ
259 4204 347 4285 πηγὰς
355 4206 482 4278 ποταμῶν
491 4200 537 4259 καλ
546 4200 626 4259 πίσεα
635 4200 770 4272 ποιήεντα.

168 4317 193 4354 10
206 4293 341 4359 Ἐλθόντες
352 4291 373 4349 δ’
385 4294 409 4358 ές
420 4291 495 4364 δῶμα
506 4288 567 4355 Διὸς
577 4289 795 4370 νεφεληγερέταο,

206 4379 296 4459 ξεστῇς
306 4377 458 4455 αἰθούσῃσιν
471 4375 600 4456 ἐφίζανον,
611 4377 640 4442 δς
650 4376 692 4434 Διί
701 4375 783 4458 πατρὶ

203 4467 351 4548 Ἥφαιστος
359 4464 468 4536 ποίησεν
478 4463 575 4541 ίδυίησι
584 4463 769 4542 πραπίδεσσιν.

206 4552 256 4620 Ὦς
267 4557 290 4612 οί
300 4552 346 4631 μέν
357 4552 417 4618 Διὸς
427 4551 497 4608 ἔνδον
509 4547 659 4628 ἀγηγέρατ’·
671 4548 724 4606 οὐδ’
735 4549 895 4629 Ἐνοσίχθων

170 4627 873 4803 ιιιινυληθέιζιθτιῑιιιι

247 4810 327 4871 Τίπτ’
338 4803 404 4882 αὖτ’,
415 4810 604 4892 Ἀργικέραυνε,
616 4807 687 4875 θεοὺς
699 4807 823 4888 ἀγορήνδε
834 4808 932 4866 κάλεσ-

155 4894 159 4901 “
208 4891 260 4970 ήτι
269 4897 329 4978 περλ
338 4896 438 4977 Τρώων
448 4899 493 4955 καλ
502 4899 614 4975 Ἀχαιῶν
625 4896 803 4978 μερμηρίζεις
853 4896 926 4973 [σαςς

208 4991 259 5044 τῶν
268 4984 319 5066 γὰρ
328 4991 372 5042 νῦν
384 4986 496 5063 ἄγχιστα
509 4986 583 5063 μάχη
593 4984 706 5062 πολεμός
715 5008 743 5042 τε
754 4982 852 5055 δέδηεν·

243 5068 931 5152 ΤδνδσἰπαμειθόμενοςπροςέφηνεφεληγερέιαΖεύς·

171 5181 199 5222 ἵ)
210 5159 303 5240 ἔγνως,
314 5155 476 5234 Ἐννοσίγαιε
486 5155 552 5233 έμὴν
563 5161 589 5216 έν
598 5159 704 5230 στήθεσι
715 5157 819 5237 βουλὴν,

1224 425 1395 487 lLlADlS
1416 429 1485 488 XX.

977 554 1049 603 annis
1055 554 1188 616 ooiluoens,
1196 559 1309 619 tanquam
1319 556 1423 619 fulgidos
1432 557 1478 608 sol.

977 642 1124 692 Terribiliter
1131 647 1212 692 autem
1220 644 1289 706 equis
1297 644 1449 707 imperitabat
1458 645 1599 708 patrissui:
1687 669 1689 673 ¹

1008 730 1162 793 Xanthoque,
1172 735 1196 780 et
1205 731 1283 792 italie,
1293 732 1382 794 inclyta
1390 732 1486 782 soboles
1495 732 1627 795 Podarges,

977 815 1079 878 aliojnm
1088 817 1159 867 modo
1168 818 1296 869 deliberata
1305 820 1499 871 salvum-relenta
1507 822 1614 883 aurigam

977 909 1040 953 retro
1049 907 1185 955 nanaomm
1198 906 1222 955 in
1231 921 1328 969 ειςωσο,
1337 907 1379 957 uhi
1395 908 1696 971 miiatiluerimnspogm:

977 980 1069 1056 neque,
1079 997 1106 1042 ut
1115 995 1264 1055 Patroclum,
1274 995 1400 1059 relinquite
1409 995 1457 1045 illio
1472 999 1606 1045 mortuum.

1008 1084 1078 1130 Hunc
1087 1085 1167 1130 nutem
1175 1081 1284 1143 subjugo
1290 1082 1456 1132 allocutusest
1462 1081 1566 1145 pedihus
1575 1083 1663 1132 micans
1670 1097 1736 1148 equu,

978 1168 1101 1229 xanthus,
1111 1169 1192 1217 statim
1202 1183 1260 1218 vero
1269 1169 1390 1219 inclinavit
1397 1174 1484 1232 capum
1494 1173 1546 1218 tota
1554 1174 1635 1218 antem
1641 1168 1706 1231 jnha,

977 1255 1066 1305 circulo
1075 1239 1172 1318 profusa
1179 1257 1248 1318 juxta
1255 1257 1352 1320 iugum,
1362 1257 1489 1307 osi-terram
1496 1258 1623 1321 pervenit:

977 1344 1083 1392 vocalem
1092 1357 1148 1393 vero
1156 1343 1243 1394 redidit
1252 1344 1297 1394 dea
1305 1345 1578 1395 candidis-ulnisluno:

1008 1435 1039 1481 Et
1048 1435 1112 1481 certe
1121 1437 1145 1481 te
1156 1446 1219 1481 nunc
1228 1433 1312 1482 saltem
1321 1431 1574 1494 salvum-referemus,
1584 1432 1709 1496 impetuosa

977 1519 1067 1568 Achille
1079 1519 1099 1582 :]
1107 1519 1150 1568 sed
1159 1519 1282 1583 tihiprope
1295 1520 1391 1570 estdies
1400 1519 1518 1581 exitialis,
1528 1520 1742 1584 neoquioqusrnna

978 1604 1096 1667 m-culpn,
1105 1605 1147 1654 sed
1156 1605 1265 1668 deusque
1274 1620 1375 1669 mugnus
1383 1611 1408 1656 et
1419 1607 1495 1657 iatum
1504 1608 1648 1657 violentum.

978 1696 1059 1754 Neque
1068 1693 1131 1742 enim
1141 1697 1223 1743 nostra
1232 1694 1390 1757 tarditatesque
1400 1695 1549 1758 aegriitieqoe

978 1780 1073 1841 TroJ'ani
1082 1780 1113 1829 ab
1122 1781 1228 1831 humeris
1238 1782 1339 1832 Patrocli
1349 1782 1600 1833 armadetraxerunt:

978 1867 1127 1917 seddeorum
1136 1869 1371 1932 tortissimua,quem
1380 1870 1743 1934 eomas—pulmhabeoopuloi

978 1958 1067 2004 Latona
1074 1954 1091 2019 ,]
1101 1956 1220 2005 interiecit
1229 1969 1288 2006 eum
1298 1957 1360 2006 inter
1370 1958 1613 2021 primospugnatores
1620 1994 1627 2019 ,
1635 1964 1659 2008 et
1668 1959 1742 2008 uani

978 2043 1075 2104 gloriam
1082 2043 1165 2106 dedit]
1172 2047 1221 2094 Nos
1231 2057 1289 2094 uero
1295 2045 1368 2094 etiam
1377 2045 1460 2094 ilatum
1467 2046 1569 2108 zephyri
1578 2059 1743 2108 ouraneqnue

977 2131 1050 2195 mus,]
1059 2146 1131 2195 quem
1140 2133 1320 2182 velocissimum
1329 2132 1413 2182 dieunt
1423 2146 1491 2184 esse:
1500 2135 1595 2196 quin-et
1603 2133 1650 2184 tihi
1659 2134 1702 2197 ipsi

977 2219 1048 2268 fatale
1056 2223 1106 2280 est,
1116 2219 1232 2282 auoque
1241 2225 1266 2268 et
1275 2221 1327 2269 viro
1336 2219 1361 2268 vi
1373 2219 1474 2269 domari.

1009 2308 1048 2356 Sic
1056 2307 1126 2368 igitur
1135 2307 1207 2356 locuti
1217 2310 1276 2370 equi
1287 2307 1405 2368 Erinnyes
1412 2305 1569 2356 inhibuerunt
1578 2320 1671 2356 rhoean,

977 2398 1047 2444 lluno
1057 2395 1356 2457 autemvaldeiodignams
1365 2393 1742 2457 allatuseatpedihusreloxtrhi

977 2483 1034 2546 lesz]
1065 2480 1741 2545 xanthequilmimmonemvaticioueeminimetehoea

977 2575 1040 2622 Bene
1047 2572 1134 2620 etenitn
1141 2571 1197 2620 nori
1207 2576 1231 2620 et
1238 2571 1303 2634 ipse,
1312 2568 1378 2633 quod
1385 2571 1443 2619 mihi
1454 2569 1531 2619 iatum
1540 2573 1578 2619 est
1586 2570 1627 2618 hic
1634 2569 1712 2632 perire,

977 2659 1084 2722 procul-a
1092 2658 1180 2708 dilecto
1189 2663 1256 2721 patre
1265 2663 1290 2707 et
1297 2662 1373 2706 matre
1384 2672 1390 2705 :
1400 2662 1516 2706 attamen

977 2760 1025 2796 non
1034 2746 1145 2807 cessabo,
1156 2746 1295 2808 priusquam
1305 2750 1380 2795 Troes
1388 2744 1483 2794 munde
1493 2745 1667 2794 satiarmtse
1674 2757 1737 2807 ροςυι

1008 2835 1087 2894 Dixit,
1101 2839 1125 2882 et
1139 2835 1202 2885 irater
1215 2834 1306 2896 nmmos
1322 2833 1430 2882 olamans
1445 2831 1564 2894 dirigebat
1578 2830 1728 2892 miilisuogul

1040 2935 1123 2983 equos.

1267 2995 1472 3023 ⁴00——

1169 3104 1420 3227 ILIADIS
1457 3140 1570 3226 xx.

1210 3337 1370 3403 Deorum
1396 3356 1529 3429 pugna.

1008 3519 1048 3568 Sic
1062 3518 1087 3566 hi
1102 3517 1200 3580 quidem
1210 3516 1273 3578 apud
1284 3528 1358 3564 naves
1368 3527 1481 3564 recurvas
1490 3514 1641 3563 armabantur

977 3604 1067 3653 circum
1077 3609 1113 3664 te,
1124 3604 1187 3653 Pelei
1198 3603 1243 3665 iili,
1253 3616 1339 3665 pagum
1347 3601 1521 3662 insatiabilem,
1531 3601 1630 3650 Achivi:

977 3691 1072 3752 Trojani
1082 3705 1139 3740 vero
1148 3692 1337 3752 exaltem-parte
1347 3690 1371 3738 in
1380 3689 1542 3738 loooeditiore
1552 3689 1635 3752 mmpi.

1007 3776 1722 3841 JupiterautemThemidemjussitdeosadooociooemnon
1769 3822 1777 3828 ,

977 3864 1722 3927 vertioeabolympimultis-convallibus:illaautemqmqnuo¹
1774 3885 1777 3888 ·

977 3950 1217 4015 sum]vadens1'usait
1227 3949 1285 3998 deos
1294 3950 1362 3999 lovis
1371 3948 1401 3996 nd
1409 3948 1508 3997 domum
1519 3949 1564 3998 ire.

977 4042 1026 4089 Nec
1034 4039 1120 4101 aliquis
1129 4037 1200 4098 igitur
1211 4036 1349 4085 Fluviomm
1359 4035 1453 4095 aberat,
1464 4040 1554 4098 praeter
1562 4039 1685 4092 Ooeannm

977 4140 1021 4175 nec
1030 4126 1206 4188 Nympharum,
1216 4136 1271 4185 quae
1280 4136 1377 4171 nemora
1386 4123 1468 4184 pulcra
1477 4123 1626 4184 inhabitant,

977 4219 1001 4264 et
1010 4214 1086 4262 sontes
1096 4212 1236 4270 fluviorum,
1246 4215 1271 4259 et
1281 4215 1348 4274 prata
1358 4210 1467 4258 herbosa.
1521 4267 1525 4271 ,

977 4300 1189 4360 Quum-venissent
1197 4304 1276 4348 autem
1286 4298 1317 4347 ad
1327 4299 1424 4347 donnum
1433 4297 1502 4346 lavia
1511 4296 1703 4361 nubes-oogmhs,

976 4385 1616 4451 politismporticihusmusedemnt,quaslovipahi

975 4476 1097 4525 Vulcanus
1107 4475 1193 4523 lecerat
1202 4473 1283 4536 peritis
1293 4473 1438 4531 nrmoordiis.

975 4559 1729 4625 sichiquidemsovisio-adiuuemngregaheotorzneohephnu

975 4651 1110 4712 non-paruit
1119 4648 1328 4708 deoe,sedemari
1338 4648 1403 4697 venit
1411 4647 1442 4696 ad
1451 4647 1513 4696 illos.

975 4737 1040 4786 sedit
1049 4741 1129 4785 autem
1139 4736 1163 4784 in
1172 4735 1270 4795 mediis,
1280 4735 1396 4796 lorisque
1406 4734 1567 4794 interrogabat
1575 4733 1705 4784 mansilium:

1006 4821 1733 4882 Curnuans,candentis·iulminis·missor‚deosadooneioteffl

974 4908 1094 4971 vocastil]
1105 4922 1163 4956 num
1172 4909 1230 4971 quid
1239 4909 1269 4957 de
1279 4909 1386 4970 Trojnnis
1396 4912 1419 4957 et
1428 4909 1527 4958 Achivis
1536 4907 1669 4960 deliberem
1775 4939 1777 4943 ·

974 5000 1064 5046 Horum
1074 4995 1138 5044 enim
1145 4995 1310 5056 jamproxime
1318 5008 1397 5059 pugna
1405 4996 1564 5058 praeliumque
1572 4997 1670 5046 exarsit

1005 5081 1736 5147 Huncaosemresponoensolloeutueeatnubeeoogenslnnhoe

975 5172 1036 5221 nosti
1043 5174 1274 5234 ,Neptune,maum
1282 5168 1307 5218 in
1315 5169 1454 5232 pectoribus
1463 5170 1605 5233 oonsiliunm
