3570 5932
153 483 332 546 1A1AA02
356 488 389 546 Τ.
438 519 440 523 ·
928 496 1104 556 lLlADlS
1130 499 1219 560 XIX.
1429 516 1485 568 227

89 609 224 688 )ύλομπο’ν
232 637 260 671 τε
271 613 316 672 καλ
325 615 433 697 οὐρανὸν
443 615 599 697 ἀστερόεντα
708 633 830 682 nunqnam
840 621 864 670 in
873 621 1050 686 olympumque
1059 628 1084 673 et
1093 624 1180 674 nulum
1190 625 1311 676 stallatum

89 703 170 755 ιεοθαι
180 695 270 772 Ἄτην,
280 700 297 771 ἢ
307 701 407 768 πάντας
417 705 506 761 ἀᾶται.
707 706 836 756 redituram
846 713 919 768 Aten,
930 722 985 772 qum
994 724 1077 760 omnes
1087 713 1240 762 noxa-allicit.

89 784 115 840 δν
126 783 228 866 έρριψεν
239 787 283 843 ἀπ’
294 790 403 868 ούρανοῦ
413 790 592 870 ἀστερόεντος,
738 793 776 843 Sic
785 793 862 855 tatus,
872 795 1008 846 deturbavit
1017 811 1075 847 eum
1084 813 1098 848 n
1107 799 1167 849 esaie
1176 800 1283 861 stellato,

89 870 195 950 τρέψας·
205 872 276 951 τάχα
286 874 308 932 δ’
317 873 389 933 ἵκετο
398 875 451 957 ἔργ’
461 875 610 957 ἀνθρώπων.
707 893 781 929 manu
795 881 989 932 circummtalam
998 899 1004 931 τ
1013 884 1494 952 statimqueeupervenitaduperahomi·

89 957 230 1038 τενάχεοχ,
240 958 275 1018 ὅθ’
286 960 327 1018 έδν
337 960 410 1041 φέλον
420 962 475 1020 υἱὸν
484 966 566 1042 ὁρῷτο
708 967 783 1030 num]
791 971 825 1017 De
832 982 960 1032 easemper
965 970 1142 1035 ingemiscebat,
1147 974 1243 1036 quando
1248 988 1407 1026 suumcamm
1414 977 1490 1027 tilium

89 1056 106 1110 l<
117 1043 211 1123 ἔχοντα
221 1047 264 1103 ὑπ’
278 1049 427 1127 Εὐρυσθῆος
437 1047 544 1107 ἀέθλων.
706 1053 808 1117 videret]
816 1069 878 1116 opus
887 1056 1010 1119 indignum
1021 1059 1189 1120 sustinentem,
1199 1061 1245 1110 sub
1251 1064 1380 1124 Eurysthei
1391 1064 1489 1127 (lllutts

90 1155 120 1197 ιν,
131 1130 174 1189 ότε
184 1132 206 1190 δ’
217 1125 278 1191 αὖτε
286 1133 367 1211 μέγας
376 1136 541 1217 κορυθαίολος
546 1135 655 1216 Ἕκτωρ
707 1141 740 1190 σθ
752 1143 828 1203 Eur.)
834 1142 967 1207 aerumnis]
979 1144 1018 1195 Sis
1027 1150 1052 1195 et
1060 1159 1113 1207 ege,
1119 1147 1215 1208 mando
1226 1143 1277 1198 tuni
1286 1163 1387 1212 magnus
1392 1152 1494 1214 galeam-

89 1217 193 1276 λέεσκτν
204 1219 248 1278 ἐπὶ
257 1219 391 1301 πρύμνησι
400 1220 510 1294 νέεσσιν,
707 1232 802 1278 motans
810 1229 906 1293 Hector]
917 1231 1016 1293 Argivos
1025 1231 1141 1296 perdebat
1148 1233 1180 1282 ad
1188 1248 1281 1297 puppes
1290 1237 1405 1300 navium,

89 1304 235 1364 »λελαθέσθ’
246 1305 337 1378 Ἀτης,
347 1301 477 1389 ἧπρώτον
487 1308 597 1379 ἀάσθην.
707 1328 754 1363 non
763 1321 871 1378 poternu
880 1317 991 1368 oblimet
1000 1321 1089 1380 Νοκιε,
1099 1333 1147 1383 qua
1156 1321 1231 1370 semel
1240 1321 1424 1374 lesus-luerem.

89 1392 272 1470 ἰασάμην,καέ
283 1417 332 1470 μευ
342 1394 436 1475 φρένας
446 1395 546 1463 ἐξέλετο
555 1395 634 1468 Ζεὺς,
707 1405 738 1450 At
746 1407 874 1465 postquam
883 1405 1076 1468 noxam-accepi,
1084 1411 1110 1455 et
1118 1407 1289 1457 mihimentem
1297 1409 1494 1475 exemitlupiter,

90 1478 177 1559 ρέσαι,
188 1480 295 1557 δόμεναί
303 1481 328 1539 τ’
338 1482 463 1563 ἀπερείσι’
474 1483 577 1541 ἄποινα·
707 1489 792 1538 iterum
802 1490 858 1540 rulo
868 1494 892 1541 te
900 1491 1006 1554 placare,
1016 1492 1121 1556 dureque
1130 1494 1221 1543 indulta
1231 1494 1301 1545 dona.

89 1566 248 1645 πόλεμόνδε,
257 1570 303 1638 καὶ
312 1571 407 1636 ἄλλους
416 1570 501 1653 ὄρνυθι
509 1569 596 1638 λαούς.
707 1580 738 1625 At
746 1589 847 1640 exsurge
855 1578 1012 1641 nal-pugnam,
1022 1584 1046 1630 et
1055 1584 1147 1630 ceteras
1156 1582 1234 1630 excita
1242 1583 1324 1645 mpias
1335 1598 1342 1632 :

89 1655 121 1713 ὼν
131 1655 174 1714 dte
183 1656 270 1715 πάντα
280 1667 427 1738 παρασχεῖν
438 1657 504 1716 όοσα
513 1682 553 1717 τοι
563 1657 644 1717 ἐλθὼν
706 1663 1492 1733 donanutemegohicnmniapraebebs,quaeeunquetibipmleetue

89 1742 209 1822 ’.λισέῃσιν
221 1744 350 1824 ὑπέσχετο
360 1747 412 1813 διος
422 1745 574 1813 Ὀδυσσεύς,
707 1749 833 1800 lrestemus
843 1751 918 1813 (lteri)
930 1753 954 1802 in
963 1754 1072 1804 tentoriis
1081 1754 1190 1817 promisit
1198 1754 1296 1805 divinus
1307 1757 1414 1819 Ulysses.

89 1854 117 1901 ς,
127 1830 267 1907 ἐπίμεινον,
278 1831 442 1911 ἐπειγόμενος
451 1846 502 1911 περ
511 1829 612 1913 Ἄρηος·
707 1838 731 1886 Si
740 1843 821 1887 autam
830 1839 882 1900 vis,
891 1845 1020 1903 exspecta,
1030 1841 1146 1891 testinans
1155 1841 1211 1891 lieet
1220 1841 1381 1895 ard-uertamen
1392 1860 1399 1894 ι

89 1917 270 1997 θεράποντες,
280 1922 346 1996 ἐμῆς
354 1919 428 2000 παρὰ
438 1919 498 1991 νηδς
507 1919 621 1992 ἑλόντες,
706 1923 815 1988 denaque
824 1925 869 1975 tihi
877 1925 978 1976 ministri
985 1963 993 1988 ,
1001 1940 1055 1977 mee
1064 1941 1094 1976 ex
1103 1941 1165 1978 nave
1174 1934 1310 1992 sumentes,

89 2028 118 2085 ρα
128 2006 216 2076 ἴδηαι,
226 2004 289 2064 ότοι
300 2005 434 2083 μενοεικέα
445 2006 530 2065 δώσω.
707 2010 795 2072 serent,
805 2016 832 2062 ut
841 2013 937 2073 rideas,
947 2014 1013 2076 quod
1021 2015 1065 2064 tibi
1074 2015 1310 2078 animum-placantia
1320 2016 1392 2068 dabo.

89 2091 275 2169 ταμειύόμενος
283 2093 396 2174 προςέφη
408 2092 490 2160 πόδας
499 2092 663 2172 ώκδςἈχιλ-
732 2102 801 2148 llunc
811 2105 892 2150 autem
899 2101 1046 2164 respondens
1052 2103 1184 2153 allatusest
1190 2103 1292 2166 pedibus
1299 2105 1492 2156 valorAclrilles:

89 2181 176 2252 διοτε,
187 2181 251 2249 ἄναξ
262 2184 362 2262 ἀνδρῶν
373 2182 544 2261 Ἀγάμεμνον,
583 2180 662 2260 [λεύς
706 2187 788 2236 Atride
797 2189 979 2250 augustissime,
988 2204 1030 2239 rex
1040 2190 1147 2240 vuomm
1156 2196 1316 2252 Agamemno,

89 2267 111 2323 εἴ
119 2267 143 2325 κ’
155 2266 282 2346 ἐθελῃσθα
291 2268 464 2349 παρασχέμεν
474 2274 509 2336 ὡς
519 2267 641 2342 ἐπιεικὲς,
705 2273 768 2324 dunt
776 2274 887 2338 qtridem,
897 2276 978 2336 siris,
989 2277 1110 2340 praebere,
1119 2282 1148 2326 ut
1156 2282 1315 2343 {equum-est,

96 2353 170 2433 πάρα
180 2354 229 2413 σοι’.
240 2359 295 2414 Νῦν
306 2355 333 2414 δέ
343 2355 503 2433 μνησώμεθα
513 2356 622 2438 χάρμης
704 2362 743 2411 vel
750 2363 866 2424 retinere,
874 2377 947 2427 penes
955 2368 981 2414 te
987 2369 1039 2414 ml:
1048 2379 1111 2413 nunc
1118 2378 1177 2414 veru
1183 2365 1335 2415 remrdemur
1342 2367 1420 2428 prrslii
1430 2395 1431 2398 =

92 2443 121 2499 οὐ
131 2441 182 2519 γάρ
191 2442 243 2524 χρὴ
254 2443 419 2503 κλοτοπεύειν
431 2445 514 2503 ἐνθάδ’
524 2443 626 2518 ἐόντας,
704 2449 759 2498 iiim
768 2465 774 2498 :
784 2451 904 2501 nonenim
913 2451 1259 2513 decetverbiatempusterers
1268 2453 1307 2501 hic
1316 2457 1456 2515 manentes,

89 2528 152 2586 δειν·
162 2529 199 2587 ἔτι
208 2529 259 2611 γὰρ
270 2530 338 2609 μέγα
349 2531 423 2613 έργον
434 2530 552 2611 ἄρεκτον·
703 2550 748 2587 nec
755 2537 1088 2590 moraslmeremdlmaenim
1096 2552 1208 2598 magnum
1215 2553 1277 2601 opus
1283 2539 1412 2590 iniectum:

89 2608 120 2674 ἴτ’
132 2617 242 2696 Ἀχιλῆα
253 2617 319 2694 μετὰ
329 2617 471 2699 πρώτοισιν
480 2619 582 2692 ἴδηται,
705 2628 732 2673 ut
741 2624 827 2687 aliquis
836 2638 920 2674 rursus
930 2626 1045 2675 Achillem
1055 2627 1117 2674 inter
1128 2626 1219 2687 primos
1229 2625 1310 2675 videat

89 2702 132 2782 εέῳ
142 2702 243 2784 Τρώων
255 2704 377 2763 ὀλέκοντα
387 2706 533 2787 φάλαγγας.
690 2706 693 2710 ’
704 2711 774 2761 hesta
782 2725 845 2761 aaran
853 2713 1008 2774 Troianorum
1018 2712 1157 2775 perdentem
1166 2712 1303 2774 phalangas.

89 2790 151 2847 εέων
162 2792 325 2869 μεμνημένος
335 2794 409 2874 ἀνδρὶ
419 2792 553 2872 μαχέσθω.
581 2793 661 2873 [οεύς
705 2799 744 2848 Sin
753 2799 840 2862 aliquis
847 2799 974 2863 (quisque)
983 2804 1091 2849 restrum
1101 2812 1193 2847 memor
1202 2800 1320 2847 cum-viro
1329 2805 1428 2862 pugnet.

89 2878 392 2961 ταμειόόμενοςπροςέφη
403 2881 551 2958 πολύμητις
561 2883 661 2943 Ὀδυσ-
735 2888 1040 2950 lluncautemrespundens
1045 2886 1171 2936 allocutus·
1178 2891 1215 2935 est
1221 2885 1356 2946 ingeniosus
1363 2887 1475 2950 Ulysses:

89 2989 106 3036 :,
117 2964 211 3043 ἀγαθός
220 2990 270 3046 περ
280 2967 338 3039 ἐὼν,
349 2967 479 3027 θεοιεέκελ’
488 2969 621 3048 Ἀχιλλεῦ,
704 2986 734 3021 ne
743 2977 822 3021 tamen
834 2973 881 3033 sie,
892 2977 1003 3022 strenuus
1012 2974 1067 3022 lieet
1076 2973 1123 3032 sis,
1133 2973 1273 3023 deu-similis
1283 2975 1387 3034 Achille,

89 3076 138 3110 νυνε
148 3054 225 3133 προτὶ
235 3053 315 3115 Ἴλιον
325 3048 383 3122 υἷας
393 3056 514 3134 Ἀχαιῶν,
701 3060 795 3121 ieiunos
805 3061 899 3123 impelle
909 3060 940 3109 ad
949 3061 1019 3109 llium
1029 3060 1090 3109 filius
1101 3060 1246 3110 Aelrivorum

89 3140 241 3216 ,ησομένους
248 3142 326 3203 Ἐπεὶ
336 3146 383 3201 οὐκ
393 3143 479 3222 ὀλίγον
485 3143 578 3225 χρόνον
587 3143 661 3203 ἔσται
704 3148 876 3208 cum-Troianis
886 3153 1039 3210 pugnaturus.
1055 3150 1115 3197 Nam
1125 3161 1172 3195 nou
1182 3147 1329 3209 inexiguum
1338 3152 1433 3211 tempus
1447 3151 1491 3199 erit

89 3218 117 3285 'ir’
129 3227 160 3284 διν
171 3232 274 3309 πρῶτον
284 3231 431 3307 θμιλήσωσι
441 3231 574 3312 φάλαγγες
704 3239 838 3292 certamen,
848 3240 976 3298 postquam
985 3236 1090 3297 primum
1100 3235 1332 3296 congressae-luerint
1340 3236 1469 3298 phalanges

90 3313 117 3373 δέ
128 3315 183 3383 θεὸς
192 3317 293 3396 πνεύσῃ
304 3317 378 3394 μένος
388 3317 580 3399 ἀμφοτέροισιν.
705 3323 823 3382 virorum,
833 3335 861 3370 aa
871 3322 931 3372 deus
940 3323 1091 3384 inspiraverit
1100 3323 1193 3370 animus
1203 3323 1320 3384 utrisque,

89 3407 157 3460 ιοθαι
167 3403 265 3483 ἄνωχθι
274 3409 334 3483 θοῇς
344 3406 387 3463 ἐπὶ
397 3405 486 3477 νηυσὶν
497 3405 617 3484 Ἀχαιοὺς
704 3408 750 3458 sed
760 3410 861 3458 saturari
868 3409 926 3470 jube
936 3409 1057 3457 velocibus
1067 3409 1091 3457 in
1101 3409 1204 3457 navibus
1214 3409 1318 3458 Achivos

89 3490 157 3550 ένοιο·
168 3491 199 3550 τὸ
209 3491 243 3569 γδι
271 3491 347 3570 μένος
357 3493 412 3552 έοτλ
422 3493 467 3551 καὶ
477 3493 554 3564 ἀλκή.
703 3495 758 3544 cibo
769 3499 793 3545 st
803 3496 872 3556 vino3
883 3495 928 3545 hoe
936 3496 1000 3544 enim
1010 3496 1082 3545 robur
1091 3501 1128 3546 est
1138 3501 1162 3545 et
1172 3496 1218 3544 ris.

89 3601 109 3659 ιρ
117 3576 222 3659 πρόπαν
234 3515 307 3661 {unp
318 3584 342 3647 ἐς
351 3580 438 3652 ἠελιον
447 3578 596 3638 καταδύντα
704 3585 755 3632 Non
765 3582 828 3632 enlm
836 3586 960 3634 virtutum
970 3582 1034 3631 diem
1043 3582 1159 3644 usquead
1170 3582 1244 3630 sulem
1253 3582 1403 3632 occidentem

89 3688 139 3724 τοιο
150 3666 288 3738 δυνήσεται
299 3668 364 3726 άντα
376 3668 515 3745 μάχεσθαι.
703 3686 789 3736 expers
797 3673 844 3721 cibi
853 3673 940 3735 poterit
949 3679 1033 3722 muna
1042 3673 1138 3722 dentem
1147 3687 1261 3735 pugnare.

89 3758 161 3835 θυμῷ
170 3778 199 3832 γε
210 3757 333 3837 μενοινάᾳ
344 3755 501 3830 πολεμίζειν,
703 3761 769 3810 Licet
778 3761 842 3809 enim
851 3761 930 3808 animo
940 3761 1022 3823 utique
1032 3762 1167 3823 promto-sit
1174 3762 1383 3825 adpugnandum,

89 3844 132 3920 δρη
141 3849 202 3917 γυῖα
215 3840 368 3922 βαρύνεται,
379 3840 425 3912 ἠδέ
435 3840 537 3920 κιχάνει
703 3853 782 3897 tamen
791 3852 816 3898 et
825 3848 914 3897 sensim
923 3848 1030 3897 membra
1040 3854 1181 3909 gravantur,
1191 3855 1215 3898 et
1224 3856 1343 3914 occupant
1351 3865 1410 3902 mem

96 3927 184 4004 λιμὸς,
196 3929 322 4007 βλάόεται
335 3928 362 3986 δέ
370 3953 400 3986 τε
410 3927 514 4008 γούνατ’
526 3927 600 3986 ἰόντι.
703 3936 803 3998 sitisque
812 3940 836 3984 et
845 3934 933 3996 larum,
944 3935 1189 3997 noxamque-trahunt
1198 3950 1274 3998 gruna
1284 3938 1358 3987 eunti.

89 4012 136 4093 ιὴρ,
146 4015 223 4073 οἴνοιο
235 4015 425 4096 κορεσσάμενος
435 4016 480 4074 καὶ
491 4016 600 4087 ἐδωδῆς,
703 4024 749 4081 Qui
759 4036 816 4072 vem
825 4023 875 4083 vlr,
884 4023 934 4072 vini
944 4027 1012 4072 satur
1021 4027 1045 4073 et
1054 4023 1115 4082 cibi,

89 4099 218 4178 τμενέεσσι
227 4101 386 4182 πανημέριος
395 4103 539 4181 πολεμίζῃ,
702 4112 827 4161 συννεύειν
834 4111 945 4160 hostibus
956 4111 1104 4160 totamdiam
1114 4116 1218 4173 pugnat,

89 4186 115 4244 νύ
125 4190 149 4246 οἱ
159 4180 222 4268 ἦτορ
232 4189 268 4248 ἐνὶ
279 4188 378 4269 φρεσὶν,
389 4188 448 4248 οὐδέ
456 4214 481 4247 τι
491 4198 552 4268 γυῖα
702 4199 793 4247 audem
802 4199 824 4248 ei
833 4198 973 4248 estanimus
986 4199 1010 4246 in
1020 4197 1172 4261 praeeurdiis,
1183 4197 1365 4260 necquicquam
1378 4198 1487 4247 membra

89 4300 109 4349 ι,
118 4275 179 4355 πρὶν
188 4276 288 4341 πάντας
297 4277 412 4355 ἐρωῆσαι
421 4275 553 4353 πολέμοιο.
702 4286 768 4349 prius
777 4286 942 4348 delatigantur,
952 4299 1025 4347 quam
1034 4299 1119 4335 omnes
1128 4286 1240 4335 recedant
1249 4298 1360 4348 a-pugna.

89 4362 147 4421 λαδν
159 4361 206 4440 μὲν
216 4362 351 4433 σκέδασον,
362 4363 407 4420 καλ
417 4365 518 4422 δεῖπνον
529 4363 627 4444 ἄνωχθι
703 4374 750 4424 Sed
759 4387 815 4436 age,
825 4374 939 4436 pupulum
949 4373 1046 4435 quidem
1055 4374 1163 4432 dimitte,
1174 4378 1198 4422 et
1205 4373 1352 4434 jentaculum
1359 4372 1418 4434 jube

89 4449 109 4509 t
119 4448 146 4509 δέ
156 4453 226 4531 δῶρα
236 4449 301 4517 ἄναξ
311 4453 410 4533 ἀνδρῶν
422 4450 592 4530 Ἀγαμέμνων
703 4462 787 4511 instrui
799 4478 804 4510 :
815 4461 858 4510 sed
867 4462 929 4510 dona
938 4475 980 4512 rex
991 4462 1097 4510 virorum
1109 4467 1253 4523 Agamemno

89 4535 166 4610 έσοην
177 4537 282 4618 ἀγορὴν,
291 4536 334 4595 ἵνα
344 4537 440 4605 πάντες
451 4538 551 4617 Ἀχαιοὶ
702 4550 762 4600 ierat
770 4550 795 4599 in
804 4549 906 4601 mediam
916 4550 1067 4609 concionem,
1076 4554 1103 4597 ut
1112 4561 1196 4597 omnes
1206 4547 1291 4597 Achivi

89 4624 202 4698 νῐδωσι,
213 4625 244 4684 σὺ
255 4624 282 4684 δὲ
293 4625 367 4707 φρεσὶ
378 4630 453 4705 σῇσιν
464 4628 560 4706 ἰανθῇς.
702 4642 777 4690 oculis
787 4641 896 4701 videant,
907 4644 980 4702 tuque
990 4640 1069 4687 animo
1079 4643 1120 4686 ιιιο
1130 4637 1225 4686 lateris.

89 4711 106 4770 :t
114 4735 154 4771 τοι
163 4711 248 4793 ὅρκον,
259 4717 284 4772 ἐν
295 4712 448 4795 Ἀργείοισιν
458 4712 586 4785 ἀναστὰς,
702 4725 1415 4791 summanumuurjmjuranuum,intersrgmossurgens,
1493 4758 1496 4762 ε

99 4803 173 4872 ῑῦδῆς
182 4800 339 4879 &digitum
349 4802 395 4873 ddi
406 4806 524 4880 μῑγῆνσῑ·
702 4832 824 4881 nunquam
832 4831 858 4868 se
866 4818 938 4878 hujus
948 4817 1026 4865 cubile
1035 4814 1172 4864 ascendisse
1180 4813 1219 4863 sel
1228 4815 1251 4862 et
1261 4812 1361 4873 uniisse,

89 4887 129 4959 τὶν,
141 4887 203 4956 ἄναξ
212 4935 218 4959 ,
228 4887 270 4959 ἥτ’
280 4891 380 4969 ἀνδρῶν
388 4889 434 4961 ἤτε
445 4890 596 4967 γυναικῶν]
703 4906 759 4970 [qua
768 4906 804 4954 las
813 4908 864 4966 est,
874 4918 930 4964 rex,
940 4908 964 4951 et
974 4904 1080 4951 virorum
1090 4905 1114 4950 et
1123 4899 1271 4964 mulierum]

91 4977 144 5056 ὗτῷ
154 4975 233 5052 θυμὸς
243 4975 279 5034 iti
289 4975 377 5057 φρεσὶν
387 4976 459 5042 δλσσς
469 4975 544 5033 ἔστω·
702 4998 726 5042 et
735 5006 793 5042 vern
801 4991 844 5041 tibi
854 4991 898 5054 ipsi
908 4991 1002 5039 animus
1011 4991 1035 5039 in
1044 4989 1299 5053 praemrdiisplaaidus
1308 4990 1348 5038 sit.

90 5061 123 5119 τό
133 5085 162 5120 σε
171 5062 238 5121 detti
248 5062 284 5121 ἐνὶ
294 5062 395 5142 timim
406 5063 540 5142 ἀρεσάσθω
703 5087 736 5130 Ac
744 5080 830 5130 deinde
839 5085 863 5130 te
873 5078 983 5129 convivio
992 5078 1016 5128 ln
1025 5078 1133 5128 tentoriis
1142 5077 1251 5128 muniliet

98 5149 161 5227 pira
171 5149 243 5222 δίκης
254 5147 368 5216 ἕπῑδσσές
378 5150 486 5230 ἔχῃσθα·
638 5195 642 5199 ν
702 5170 780 5230 lauto,
791 5173 817 5218 ut
826 5167 924 5231 nentrid
934 5167 1039 5231 telluris
1049 5167 1159 5217 mutilum
1168 5167 1265 5216 habeas.

89 5236 143 5296 As’
153 5235 243 5297 ἔπειτα
257 5237 415 5319 δικαιότερος
424 5238 468 5296 καὶ
480 5239 522 5297 ἐπ’
533 5239 604 5320 ἄλλῳ
704 5255 832 5318 Attidem
842 5269 900 5308 vero
908 5255 994 5307 deinde
1002 5255 1158 5320 aqutornin
1167 5253 1240 5304 atium

1344 5341 1374 5378 15.
