3570 5932
317 451 568 513 ΟΔΥΣΣΕΙΛΣ
591 451 625 510 Υ.

87 605 109 643 rs
168 584 224 647 Τὸν
234 586 256 644 δ’
267 575 329 643 αύτε
338 582 472 666 προςέειπε
484 585 552 662 βοῶν
561 577 728 647 ἐπιόουκόλος
737 577 813 661 ἀνήρ·

127 674 157 734 ul
167 673 217 755 γάρ
226 679 314 745 τοῦτο,
324 670 402 743 ξεῖνε,
412 670 472 738 ε’πος
480 668 592 729 τελέσειε
604 667 730 751 Κρονίων·

128 762 217 842 γνοίης
225 763 262 840 χ’,
271 757 313 830 οίη
323 756 374 836 ἐμὴ
385 755 546 834 δύναμιςκαὶ
556 764 641 838 χεῖρες
652 753 767 823 έιςονται.

168 850 219 916 Ὦς
229 850 250 907 δ’
263 845 347 913 αύτως
358 846 474 923 Εὔμαιος
483 844 608 913 ἐπεύξατο
616 853 683 901 πᾶσι
692 847 787 901 θεοῖσιν

128 943 255 1009 νοστῆσαι
264 935 384 1005 Ὀδυσῆα
394 931 544 1014 πολύφρονα
553 930 610 990 ὄνδε
620 929 738 1009 δόμονδε.

88 1045 119 1085 to
173 1023 223 1089 Ὣς
232 1026 255 1080 οἱ
266 1020 314 1099 μὲν
322 1026 430 1079 τοιαῦτα
438 1020 502 1102 πρὸς
511 1018 638 1090 ἀλλήλους
648 1015 779 1099 ἀγόρευον.

130 1114 287 1190 Μνηστῆρες
297 1107 318 1166 δ’
328 1108 380 1190 ἀρα
391 1107 545 1189 Τηλεμάχῳ
554 1104 663 1165 θάνατόν
672 1127 701 1162 τε
711 1102 827 1184 μόροντε

128 1198 233 1278 ἤρτυον·
245 1193 328 1274 αύτάρ
340 1197 444 1254 θτοῖσιν
455 1193 587 1276 ἀριστερὸς
596 1194 690 1265 ἤλυθεν
699 1191 781 1273 ὄρνις,

131 1285 217 1351 αἰετός
227 1282 366 1365 ὑψιπέτης,
376 1281 420 1360 ίχε
431 1280 458 1339 δέ
468 1280 589 1362 τρήρωνα
599 1278 715 1338 πέλειαν.

129 1378 223 1434 Τοῖσιν
233 1374 256 1430 δ’
265 1370 421 1452 Ἀμφίνομος
431 1368 580 1449 ἀγορήσατο
590 1367 635 1426 καί
645 1364 787 1443 μετέειπεν

88 1484 117 1522 ts
170 1452 208 1520 Ὠ
218 1459 300 1540 φίλοι,
310 1461 359 1537 υθχ
367 1462 431 1534 ἡμῖν
441 1453 608 1515 συνθεύσεται
616 1453 663 1525 ἥδε
673 1476 703 1530 γε
714 1450 810 1532 βουλὴ,

129 1547 303 1626 Τηλεμάχοιο
314 1543 396 1627 φόνος·
406 1542 475 1602 ἀλλά
487 1541 647 1620 μνησώμεθα
657 1539 752 1607 δαιτός.

170 1637 220 1702 Ὣς
230 1633 302 1715 ἔφατ’
313 1631 476 1714 Ἀμφίνομος·
486 1639 569 1691 τοῖσιν
578 1633 601 1689 δ’
612 1629 749 1701 ἐπιήνδανε
760 1632 846 1706 μῦθος.

132 1723 268 1789 Ἔλθόντες
278 1722 301 1779 δ’
311 1723 335 1787 ἐς
345 1719 445 1796 δώματ’
454 1720 600 1792 Ὀδυσσῆος
609 1717 686 1778 θείοιο

127 1811 240 1894 χλαίνας
250 1808 298 1888 μέν
307 1807 443 1868 κατέθεντο
452 1807 521 1866 κατὰ
530 1806 656 1886 κλισμούς
664 1830 693 1864 τε
707 1803 811 1887 θρόνους
824 1826 862 1862 τε·

88 1922 118 1960 ao
131 1903 157 1958 οί
167 1899 189 1958 δ’
199 1897 297 1975 ἱέρευον
306 1895 343 1962 ὄϊς
353 1894 482 1974 μεγάλους
490 1895 535 1954 καί
545 1895 636 1962 πίονας
646 1884 736 1972 αἶγας,

131 1987 218 2069 ἵρευον
228 1982 256 2042 δέ
265 1982 329 2050 σύας
338 1982 443 2050 σιάλους
453 1984 499 2042 καί
511 1987 572 2062 βοῦν
581 1978 717 2061 ἀγελαίην·

133 2073 275 2151 σπλάγχνα
286 2072 308 2129 δ’
319 2069 359 2152 ἀρ’
369 2069 530 2142 ἀτενίσαντες
539 2067 655 2148 ἐνώμων·
665 2071 692 2127 ἐν
702 2064 730 2125 δί
737 2088 767 2124 τε
776 2055 843 2124 οίνον

134 2165 277 2242 κρητῆρσιν
287 2156 424 2238 κερόωντο·
434 2155 552 2216 κύπελλα
565 2154 592 2215 δέ
602 2163 676 2233 νεῖμε
686 2151 814 2224 ουόώτης.

135 2252 215 2310 Σῖτον
225 2245 253 2305 δέ
263 2245 304 2328 σφ’
316 2242 435 2321 ἐπένειμε
446 2241 594 2317 Φιλοίτιος,
602 2242 718 2324 ὄρχαμος
727 2240 836 2322 ἀνδρῶν,

89 2358 121 2398 aa
135 2339 225 2402 καλοῖς
234 2338 261 2393 ἐν
268 2331 405 2392 κανέοισιν·
417 2329 538 2413 ἐῳνοχόει
548 2328 576 2389 δέ
587 2326 746 2396 Μελανθεύς.

135 2425 173 2484 Οἱ
183 2422 205 2480 δ’
215 2427 257 2481 ἐπ’
266 2420 360 2481 ὀνείαθ’
371 2424 462 2496 ίτοῖμα
472 2416 631 2499 προκείμενα
640 2425 732 2498 χεῖρας
739 2414 838 2475 ίαλλον.

176 2508 369 2589 Τηλέμαχοςδ
380 2509 498 2578 Ὀδυσῆα
513 2504 634 2587 καθίδρυε
639 2504 750 2586 ,κέρδεα
764 2505 867 2582 νωμῶν,

135 2596 206 2664 ἐντὸς
215 2595 351 2664 ἐϋσταθέος
361 2593 489 2677 μεγάρου,
501 2591 575 2674 παρὰ
583 2592 672 2652 λάῖνον
681 2591 768 2665 ούδθν,

138 2685 226 2766 δίφρον
237 2683 362 2742 ἀεικέλιον
371 2681 492 2749 καταθείς
501 2680 592 2761 ὀλίγην
601 2705 631 2740 τε
639 2679 780 2762 τράπεζαν·

89 2794 125 2833 tao
134 2770 190 2854 πδρ
200 2773 222 2830 δ’
233 2773 309 2830 ἐτίθει
319 2771 477 2850 σπλάγχνων
487 2767 593 2851 μοίρας,
602 2771 629 2827 ἐν
639 2768 661 2825 δ’
670 2758 737 2827 οίνον
747 2765 835 2847 ἔχευεν

138 2861 166 2918 ἀν
175 2857 253 2918 δέπαϊ
261 2859 377 2940 χρυσέῳ,
388 2857 433 2917 καί
444 2880 488 2935 μιν
499 2855 564 2938 πρδς
573 2860 654 2933 μῦθον
664 2853 757 2914 ἔειπεν·

177 2946 317 3007 Ἐνταυθοῑ
325 2952 372 3005 νῦν
380 2938 432 3018 ἧσο
439 2947 497 3022 μετ’
507 2941 631 3025 ἀνδράσιν
640 2941 823 3012 οἰνοποτάζων·

138 3033 279 3117 κερτομίας
288 3031 317 3092 δέ
325 3057 364 3093 τοι
374 3032 451 3100 αὐτὸς
460 3030 513 3112 ἐγώ
521 3030 567 3089 καὶ
575 3038 666 3112 χεῖρας
676 3027 762 3112 ἀφέξω

137 3121 244 3181 πάντων
255 3120 418 3202 μνηστήρων·
429 3119 486 3180 ἐπεὶ
496 3117 565 3179 ούτοι
576 3116 667 3196 δήμιός
676 3120 746 3178 ἐστιν

89 3229 127 3268 aaa
139 3198 208 3276 σ’ίκος
217 3206 265 3280 ὅδ’,
275 3210 332 3266 ἀλλ’
344 3208 482 3279 Ὀδυσῆος,
491 3205 549 3284 ἐμοί
560 3207 583 3264 δ’
593 3203 723 3274 ἐκτήσατο
733 3212 825 3272 κεῖνος.

140 3296 233 3373 Ὑμεῖς
242 3295 285 3367 δὲ,
296 3300 455 3377 μνηστῆρες,
465 3292 586 3373 ἐπίσχετε
595 3292 676 3372 θυμδν
685 3294 773 3364 ἐνιπῆς

140 3380 349 3464 καλχειρῶν·ίνα
362 3382 399 3460 μή
409 3406 447 3450 τις
457 3381 509 3464 ἔρις
517 3380 563 3440 καί
572 3389 655 3449 νεῖκος
663 3379 765 3462 ὄρηται.

180 3471 231 3539 Ὦς
241 3469 322 3553 ἔφαθ’·
332 3475 356 3530 οἱ
366 3470 388 3529 δ’
400 3471 451 3552 ἀρα
460 3469 555 3537 πάντες
564 3467 625 3538 όδάξ
635 3471 663 3528 ἐν
671 3467 772 3548 χείλεσι
781 3466 873 3550 φύντες

140 3558 304 3639 Τηλέμαχον
313 3557 455 3635 θαύμαζον,
465 3556 479 3616 δ
488 3556 639 3640 θαρσαλέως
648 3554 779 3636 ἀγόρευεν.

89 3669 130 3708 270
142 3651 235 3708 Τοῖσιν
247 3648 270 3705 δ’
280 3646 405 3713 Ἀντίνοος
415 3644 528 3726 μετέφη,
543 3645 683 3712 Εὐπείθεος
692 3642 753 3710 υἱός·

183 3734 239 3795 Καὶ
247 3732 363 3814 χαλεπόν
373 3756 422 3814 περ
432 3731 508 3790 ἐόντα
516 3729 653 3812 δεχώμεθα
664 3737 753 3810 μῦθον,
763 3729 873 3809 Ἀχαιοὶ,

141 3820 314 3900 Τηλεμάχου·
326 3819 398 3898 μάλα
408 3818 430 3877 δ’
440 3810 504 3896 ἧμιν
514 3817 659 3888 ἀπειλήσας
669 3815 796 3899 ἀγορεύει.

142 3911 184 3969 Οὐ
194 3907 245 3989 γδρ
255 3908 320 3974 Ζεὺς
330 3906 401 3964 είασε
412 3904 539 3985 Κρονίων·
549 3909 587 3988 τῷ
597 3903 627 3963 κέ
640 3928 684 3982 μιν
694 3905 745 3977 ἤδη

143 3994 285 4072 παύσαμεν
294 3996 321 4052 ἐν
332 3993 483 4077 μεγάροισι,
492 3993 569 4072 λιγύν
578 4016 629 4074 περ
638 3990 704 4052 ἐόντ’
717 3989 857 4073 ἀγορητήν.

90 4106 131 4146 τῖε
184 4081 234 4149 Ὣς
243 4082 316 4164 ἔφατ’
327 4082 445 4149 Ἀτίνοος-
455 4085 468 4139 δ
478 4082 500 4139 δ’
510 4082 552 4164 ἀρ’
563 4084 610 4140 οὐκ
620 4079 750 4158 ἐμπάζετο
760 4079 856 4159 μύθων.

146 4168 266 4251 Κήρυκες
276 4171 298 4227 δ’
309 4168 359 4228 ἀνθ
369 4169 435 4227 ἀστυ
445 4172 509 4227 θεῶν
518 4167 590 4249 ἱερὴν
600 4167 750 4246 ἑκατόμάην

145 4249 218 4336 ἦγον·
229 4256 268 4314 τοὶ
278 4255 300 4314 δ’
309 4254 431 4337 ἀγέροντο
440 4254 655 4336 καρηκομόωντες
665 4255 765 4334 Ἀχαιοί

146 4343 225 4410 ἄλσος
234 4342 285 4402 tino
294 4344 396 4425 σκιερὸν
406 4343 567 4414 ἑκατηόόλου
579 4342 748 4411 Ἀπόλλωνος.

186 4433 222 4490 0t
232 4432 253 4488 δ’
265 4430 321 4488 ἐπεὶ
330 4428 457 4501 ὤπτησαν
466 4427 520 4510 κρέ’
532 4428 661 4511 ὑπέρτερα
670 4430 715 4488 καί
725 4431 864 4512 ἐρύσαντο,

92 4540 136 4579 ssu
151 4517 244 4599 μοίρας
253 4517 412 4595 δασσάμενοι
422 4516 534 4576 δαίνυντ’
545 4517 662 4598 ἐρικυδέα
673 4519 759 4576 δαῖτα·

148 4603 203 4688 πάρ
213 4607 234 4664 δ’
246 4605 287 4686 ἄρ’
298 4606 429 4676 Ὀδυσσῆϊ
440 4613 533 4686 μοῖραν
543 4603 632 4676 θέσαν,
642 4602 667 4662 οἳ
675 4603 810 4676 πονέοντο,

148 4690 217 4764 Ιιὀην,
227 4697 262 4759 ὡς
271 4691 345 4751 αύτοί
354 4715 403 4773 περ
414 4691 567 4771 ἐλάγχανον·
577 4691 612 4759 ὣς
621 4690 672 4772 γάρ
681 4689 775 4770 ἀνώγει

149 4779 316 4859 Τηλέμαχος,
327 4778 400 4861 φίλος
409 4779 461 4847 υίὸς
472 4780 616 4852 Ὀδυσσῆος
626 4779 710 4839 θείοιο.

190 4870 350 4948 Μνηστῆρας
361 4869 384 4925 δ’
393 4869 422 4926 οὗ
431 4867 545 4945 πάμπαν
555 4866 683 4948 ἀγήνορας
692 4864 734 4925 εἴα
745 4865 837 4940 Ἀθήνη

95 4975 136 5013 aas
150 4952 239 5025 λώόης
247 4956 367 5034 ίοχεσθαι
375 4955 528 5034 θυμαλγέος·
539 4955 596 5037 ὄφρ’
607 4953 645 5013 ἔτι
655 4956 755 5032 μᾶλλον

151 5037 200 5118 δύη
211 5040 273 5119 ὄχος
281 5040 390 5121 κραδίην
400 5040 563 5121 Λαερτιάδην
573 5041 700 5112 Ὀδυσῆα.

151 5117 206 5186 Ἠν
215 5127 243 5185 δέ
251 5151 290 5196 τις
299 5130 325 5185 ἐν
335 5132 497 5208 μνηστῆρσιν
506 5126 580 5207 ἀνὴρ,
591 5127 730 5205 ἀθεμίστια
739 5126 830 5200 εἰδώς,

96 5299 98 5303 ⁷
153 5212 309 5286 Κτήσιππος
321 5214 343 5272 δ’
352 5215 424 5291 ὄνομ’
434 5213 508 5289 ε’σκε,
518 5214 599 5295 Σάμῃ
610 5216 632 5274 δ’
642 5215 680 5274 ἐνί
689 5214 760 5275 οἰκία
772 5225 852 5275 ναῖεν·

1136 443 1346 507 ODYSSEAE
1371 447 1439 506 XX.
1618 457 1676 509 435

931 580 1000 628 Hunc
1009 581 1089 628 autem
1099 590 1183 626 rursus
1192 576 1354 626 allocutusest
1364 577 1437 626 houm
1445 575 1565 628 bubulcus
1575 579 1613 627 vir
1623 593 1629 627 :

899 667 992 715 utinam
1001 666 1064 716 enim
1073 665 1132 727 hoc,
1142 664 1244 728 hospes,
1254 663 1355 714 verbum
1365 665 1488 728 prcrdceret
1496 666 1633 716 Satumiust

899 751 1679 816 mgrroscemsqudismeapoteotiaetpuutcsmemanusmmiten·

899 840 958 904 tun]
990 840 1030 890 sic
1038 844 1119 889 autem
1127 840 1216 903 pariter
1226 842 1338 888 Eumaeus
1350 839 1491 902 supplicavit
1500 841 1679 903 omnihusdiis,

901 925 1027 976 ut·rediret
1035 926 1133 989 ulysses
1142 924 1247 987 pmdens
1257 938 1326 975 suam
1335 925 1444 976 domum.

931 1013 971 1063 Sic
980 1012 1004 1061 bl
1014 1011 1110 1075 quidem
1120 1010 1176 1060 talia
1185 1010 1246 1060 inter
1254 1023 1280 1060 se
1290 1010 1456 1074 loquebantur.

901 1101 970 1150 Proui
980 1107 1060 1150 autem
1069 1097 1210 1149 Telemacho
1219 1102 1369 1161 rnortenrque
1379 1101 1552 1165 interitumque

904 1189 1028 1240 struebant
1039 1203 1045 1237 ι
1055 1192 1081 1237 at
1090 1189 1119 1237 iis
1128 1187 1224 1237 sinistra
1232 1187 1299 1238 venit
1308 1188 1375 1250 avis,

902 1279 982 1342 aquila
990 1276 1129 1337 altivolans,
1140 1276 1235 1327 tencbcd
1243 1289 1301 1325 vero
1310 1275 1420 1326 timidam
1429 1276 1576 1326 columbam.

903 1367 953 1417 lliis
961 1373 1042 1417 autem
1052 1364 1224 1427 Amphinomus
1233 1365 1447 1428 concionatusest,
1456 1369 1481 1414 et
1490 1365 1551 1414 dixit
1564 1381 1570 1413 :

935 1460 956 1507 0
966 1458 1049 1518 amici,
1059 1459 1123 1508 haud
1132 1461 1201 1512 nobis
1210 1463 1332 1527 continget
1340 1464 1387 1514 hoc
1394 1477 1451 1515 sane
1460 1463 1602 1525 consillum,

904 1544 1040 1595 Telemachi
1050 1549 1129 1599 cedes
1140 1565 1146 1598 :
1158 1550 1201 1601 sed
1210 1552 1391 1602 meminerimus
1402 1551 1515 1601 convivii.

934 1634 973 1683 Sic
982 1633 1041 1685 dixit
1051 1638 1236 1701 Amphinomus,
1247 1640 1292 1689 illis
1302 1652 1359 1690 τετυ
1368 1640 1477 1704 placebat
1485 1653 1573 1690 sermo.

904 1724 1022 1771 intrantes
1032 1728 1111 1773 autem
1122 1725 1146 1774 in
1155 1725 1220 1776 uades
1231 1727 1324 1790 Ulyssis
1334 1727 1422 1789 divim,

904 1807 979 1858 laenas
988 1810 1085 1873 quidem
1094 1811 1255 1876 deposuerunt
1263 1815 1288 1863 in
1298 1814 1460 1878 sedilibusque
1470 1814 1598 1878 soliisque;

905 1895 951 1960 ipsi
959 1903 1040 1947 autern
1049 1901 1185 1950 nractabant
1193 1916 1252 1952 ores
1261 1915 1359 1966 niagnas
1367 1907 1392 1953 et
1401 1904 1501 1966 pingues
1510 1915 1594 1965 capras
1602 1919 1609 1964 ;

906 1986 1041 2036 mactabant
1050 1989 1123 2037 etiam
1132 2002 1189 2039 sues
1197 2003 1296 2053 porcos,
1304 1995 1329 2040 et
1338 1990 1424 2041 borern
1434 1991 1604 2046 armentalemz

906 2071 998 2121 viscera
1006 2086 1063 2124 rem
1072 2080 1152 2126 assata
1160 2075 1335 2128 distribuebant
1346 2093 1352 2127 ι
1363 2091 1392 2127 ac
1400 2078 1484 2128 riuum
1490 2078 1515 2127 in

907 2161 1040 2211 crateribus
1048 2162 1182 2214 miscebant
1193 2179 1200 2212 :
1210 2165 1296 2228 pocula
1306 2169 1386 2216 nutem
1395 2165 1517 2216 distribuit
1526 2165 1650 2215 subulcus.

907 2251 996 2298 Panem
1005 2262 1062 2299 sero
1071 2251 1130 2315 ipsis
1139 2250 1263 2303 distribuit
1272 2253 1412 2315 ehuoeuus,
1423 2253 1535 2317 princeps
1544 2254 1665 2313 virorum,

906 2335 996 2399 pulcris
1004 2337 1029 2386 in
1038 2338 1148 2389 canistris
1159 2356 1166 2402 ;
1177 2341 1433 2404 vinumque-tundebat
1442 2341 1600 2391 Melantheus.

907 2423 945 2474 illi
953 2438 1011 2475 vero
1019 2425 1050 2476 ad
1058 2426 1126 2477 cibos
1136 2432 1230 2491 paratos
1239 2429 1361 2492 appositos
1371 2443 1456 2479 manus
1465 2430 1627 2493 porrigebant.

939 2513 1097 2565 Telemachus
1103 2519 1185 2564 autem
1191 2516 1304 2578 Ulyssem
1313 2515 1470 2578 sedereiecit,
1477 2518 1578 2566 astutias
1585 2529 1691 2577 versans,

909 2600 972 2650 intra
980 2601 1174 2652 benetundatam
1182 2602 1294 2664 domum,
1304 2603 1368 2667 apud
1376 2604 1496 2668 lapideum
1505 2603 1592 2664 limen,

910 2687 969 2738 sella
978 2689 1043 2752 turpi
1051 2689 1142 2752 ροιίιε,
1153 2703 1274 2753 parvaque
1283 2704 1365 2742 mensu
1377 2707 1384 2740 ε

909 2775 1021 2840 apposuit
1029 2790 1087 2828 reru
1095 2779 1118 2827 ct
1128 2778 1248 2828 viscenrm
1258 2782 1338 2842 partas
1343 2814 1351 2840 ,
1361 2782 1386 2828 et
1395 2777 1480 2828 vinum
1488 2777 1576 2828 iniudh

910 2864 937 2913 in
945 2863 1031 2927 poculo
1040 2877 1126 2926 aureo,
1135 2869 1160 2913 et
1170 2864 1249 2928 ipsum
1259 2878 1368 2915 sermone
1376 2865 1542 2916 allocutusest
1553 2881 1560 2914 :

941 2951 993 3002 illic
1002 2965 1066 3002 nunc
1075 2951 1132 3003 sede
1141 2952 1203 3002 inter
1212 2953 1277 3003 viros
1286 2951 1462 3002 rinumbibens
1476 2965 1483 3000 :

911 3040 1019 3090 convicia
1027 3054 1085 3091 vero
1094 3040 1138 3091 tihi
1147 3041 1199 3105 ipse
1208 3054 1252 3103 ego
1261 3045 1286 3091 et
1295 3053 1380 3090 manus
1389 3038 1508 3089 aharoebo

912 3129 1019 3178 omnium
1028 3141 1168 3192 procorum,
1177 3129 1291 3193 quoniam
1300 3140 1452 3192 nequaquam
1461 3127 1557 3190 publica
1565 3131 1603 3175 est

912 3214 999 3265 domus
1008 3216 1072 3277 inec,
1082 3215 1124 3266 sed
1135 3215 1240 3278 ulyssis,
1250 3215 1309 3265 mihi
1318 3219 1399 3265 autem
1408 3214 1537 3278 acquisivit
1545 3214 1593 3264 ille.

913 3307 964 3355 Vos
972 3317 1043 3365 sero,
1052 3304 1131 3367 procl,
1141 3305 1260 3354 continete
1270 3303 1376 3353 animum
1385 3302 1533 3363 a-convicio,

914 3395 939 3441 et
947 3391 1057 3441 manibus
1066 3392 1186 3442 uiolentia
1191 3405 1201 3448 ,·
1211 3396 1238 3441 ut
1248 3405 1278 3441 nc
1287 3404 1335 3455 qua
1344 3390 1375 3440 lis
1384 3395 1408 3440 et
1417 3389 1538 3440 contentio
1547 3389 1648 3438 oriatur.

945 3479 984 3531 sic
993 3479 1053 3529 dixit
1063 3495 1069 3528 ι
1080 3479 1114 3528 illi
1124 3485 1205 3530 autem
1214 3493 1297 3529 omnes
1307 3477 1428 3529 mordicus
1437 3477 1510 3527 lahn's
1520 3477 1665 3539 conpressis

914 3566 1083 3618 Telemachum
1093 3567 1277 3630 admirabantur,
1286 3566 1352 3630 quod
1360 3565 1472 3615 audacter
1481 3565 1631 3628 loquebatur.

915 3655 994 3706 Inbue
1003 3659 1083 3704 autem
1093 3656 1209 3705 Antinous
1219 3655 1373 3714 locutusest,
1384 3653 1494 3716 Eupithei
1503 3651 1567 3701 lilius
1578 3667 1584 3700 ι

946 3745 977 3792 Et
981 3743 1095 3791 molestus
1100 3741 1253 3804 quantumvis
1258 3741 1298 3800 sit,
1303 3741 1447 3803 accipiamus
1453 3753 1596 3800 sermonem,
1603 3740 1696 3800 Achivi,

916 3831 1065 3891 Telemacbi;
1074 3830 1144 3879 vaide
1153 3834 1233 3879 autem
1243 3828 1312 3878 nobis
1321 3829 1426 3877 minatus
1435 3827 1550 3891 loquitur.

916 3922 969 3970 Non
977 3919 1041 3969 urim
1049 3918 1143 3980 Jupiter
1152 3917 1208 3967 sivit
1216 3916 1341 3968 saturnius
1352 3931 1358 3964 :
1369 3915 1474 3978 alioquin
1483 3915 1563 3977 ipsum
1570 3915 1620 3977 jam

917 4005 1148 4070 compescuissemus
1158 4005 1182 4055 in
1192 4003 1298 4066 cedibus,
1308 4007 1408 4066 argirius
1417 4003 1473 4053 licet
1482 4003 1514 4052 sit
1523 4002 1686 4052 concionatur.

947 4095 987 4145 sic
996 4094 1055 4144 dixit
1065 4093 1245 4155 Antinous3ille
1254 4105 1312 4142 reru
1320 4106 1369 4142 non
1378 4090 1569 4142 crnahatrerbu.
1637 4132 1641 4143 .

917 4186 1043 4233 Praecunes
1052 4186 1132 4232 nutem
1142 4196 1183 4245 per
1193 4181 1277 4230 urbem
1287 4179 1386 4231 deorum
1396 4193 1488 4229 sacram
1497 4178 1653 4230 hecatomben

919 4269 1055 4320 ducebant:
1066 4268 1267 4331 congregabantur
1276 4270 1358 4317 autem
1366 4268 1576 4330 capitecomantes
1585 4267 1668 4317 Achivi

918 4356 973 4407 luco
982 4358 1028 4407 sub
1037 4357 1150 4406 umbroso
1159 4355 1362 4418 lunge·juculantis
1371 4354 1493 4418 Apollinis.

949 4445 979 4496 ni
987 4448 1067 4494 eutem
1075 4449 1201 4508 postquam
1208 4448 1405 4493 assarentcnmcs
1412 4441 1559 4505 superiores,
1566 4444 1592 4491 et
1599 4443 1652 4503 iuni
1661 4455 1699 4491 ex·

919 4536 1040 4582 uexerant
1046 4531 1063 4596 ,]
1073 4532 1182 4596 partibus
1191 4531 1288 4592 divisis,
1297 4527 1576 4579 convivabanturcelebri
1581 4529 1699 4578 convivio.

920 4620 978 4671 inde
987 4621 1066 4683 Ulyssi
1076 4623 1167 4683 partem
1181 4621 1343 4682 apposuemnt
1356 4620 1377 4666 u
1391 4617 1433 4680 qui
1442 4615 1623 4678 ministrabant,

920 4709 1051 4772 mpualcm,
1060 4708 1123 4757 sicut
1132 4708 1177 4770 ipsi
1187 4705 1347 4757 sortiebantur
1358 4719 1364 4752 :
1376 4705 1411 4754 sic
1420 4704 1483 4753 enim
1487 4703 1563 4773 jussit

920 4795 1091 4854 Telemachus,
1101 4794 1203 4844 dilectus
1213 4793 1276 4843 ldius
1285 4792 1378 4855 Ulyssis
1387 4791 1471 4840 dirird.

950 4888 1039 4934 Procos
1048 4887 1129 4932 autem
1139 4881 1243 4930 illustres
1252 4894 1300 4930 non
1309 4880 1406 4930 omnino
1415 4878 1509 4929 sinebat
1518 4878 1625 4929 Minerva

920 4971 1064 5022 contumelia
1073 4970 1192 5019 abstinere
1201 4969 1299 5031 acerba3
1309 4971 1337 5018 ut
1345 4967 1424 5017 adhuc
1432 4967 1507 5030 magis

921 5059 1014 5109 subiret
1022 5057 1088 5107 dulor
1097 5071 1138 5106 cor
1147 5057 1278 5107 baeniadae
1287 5055 1388 5119 Ulyssis.

921 5150 978 5196 Erat
986 5159 1043 5196 vero
1052 5144 1149 5208 quidam
1159 5145 1220 5194 inter
1230 5158 1315 5208 procus
1325 5144 1369 5206 vir,
1379 5143 1469 5194 nefario
1478 5143 1570 5203 animo,

921 5233 1049 5297 clesippus
1057 5235 1139 5283 autem
1148 5245 1234 5282 nornen
1241 5235 1305 5293 crat,
1313 5229 1461 5293 insaniaque
1472 5229 1557 5279 dumos
1567 5226 1699 5287 habitabat;
