3570 5932
106 396 287 458 tAttaot
312 399 345 458 P.

91 522 138 604 ίρα
147 523 213 602 τώγε
224 522 286 583 ίδδιν
296 523 387 598 ἐλέησε
398 527 526 608 Κρονίων,

91 634 119 689 φη
129 611 205 693 πρατί
215 611 243 670 δν
253 617 389 689 μυθήσατο
398 614 487 691 θυμόν·

94 698 102 755 ί
111 702 179 779 σφῶΐ
189 698 267 776 δόμεν
278 703 370 773 Πηλῆι·
380 701 474 761 ἄνακτι

91 787 105 844 3'
115 787 189 846 ἐστὸν
199 788 290 870 ἀγήρω
299 790 321 847 τ’
333 790 454 849 ἀθανάτω
463 815 500 850 τε.

91 898 143 932 οισι
154 876 211 952 μετ’
221 877 347 958 ἀνδράσιν
357 880 429 958 ἄλγε’
441 878 550 959 ἐχητονς

91 962 136 1021 πού
147 967 216 1022 ἐστιν
226 967 394 1050 ὀϊζυρώτερον
404 968 497 1050 ἀνδρὸς

92 1075 120 1110 τε
129 1060 208 1131 γαῖαν
219 1053 262 1112 ἐπι
271 1055 354 1114 πνείει
363 1079 391 1114 τε
403 1056 448 1114 καί
459 1055 540 1138 έριιει.
575 1056 579 1062 ’

91 1149 139 1217 μῑν
148 1164 177 1218 γε
187 1141 233 1199 καί
243 1141 344 1223 ίρμασι
355 1142 530 1202 δαιδαλέοισιν

91 1226 163 1298 ιίδης
173 1229 343 1307 ἐποχήσεται·
352 1234 382 1290 οὐ
391 1229 443 1312 γδρ
456 1231 535 1289 ἐάσοι.

91 1339 101 1380 ς
110 1313 155 1372 καί
165 1314 250 1395 τεύχε’
257 1315 312 1395 ἔχει
321 1317 367 1376 καί
374 1317 515 1398 ἐπεύχεται
525 1317 619 1391 αὔτως,

90 1402 175 1461 ίνασσι
186 1407 259 1482 βαλῶ
270 1404 345 1483 μένος
353 1408 395 1477 ήδ’
406 1407 442 1464 ἐνί
452 1410 540 1489 θυμῷ,

93 1491 205 1566 μέδοντο
214 1492 346 1553 σαώσετον
356 1498 386 1553 ἐκ
395 1494 520 1572 πολέμοιο

90 1579 159 1659 υράς
171 1578 208 1637 ίτι
217 1580 268 1662 γάρ
278 1604 351 1663 σφισι
360 1585 436 1649 κῦδος
444 1581 539 1663 ὀρέξω,

90 1690 96 1724 ι
106 1671 170 1738 νῆας
179 1667 337 1746 ἐϋσσέλμους
346 1670 505 1751 ἀφίκωνται,

90 1755 120 1813 αί
130 1757 173 1815 ἐπὶ
182 1757 278 1839 κνέφας
287 1758 356 1840 ίερόν
365 1759 437 1837 ἔλθῃ.

90 1841 198 1903 ’πποισιν
207 1844 358 1904 ἐνέπνευσεν
368 1846 443 1923 μένος
453 1840 496 1917 ήύ.

90 1931 168 1990 ιτάων
177 1932 266 2004 κονίην
276 1925 382 2000 υύδάςδε
395 1933 518 2012 βαλόντε,

90 2019 129 2077 ode
140 2020 212 2100 ἅρμα
224 2020 291 2098 μετὰ
301 2026 397 2103 Τρῶας
408 2022 454 2080 καί
464 2023 591 2102 Ἀχαιούς.

90 2108 205 2185 τομέδων
215 2109 319 2188 μάχετ’,
330 2110 528 2193 άχνύμενόςπιρ
543 2111 616 2171 ἐταί-

90 2195 160 2262 ,ώςτ’
173 2198 293 2275 αἰγυπιὸς
303 2197 370 2274 μετίι
380 2204 472 2277 χῆνας·
496 2230 500 2238 ·
543 2201 601 2281 [pou
607 2246 616 2274 ,

90 2281 202 2362 ,ύγεσκιν
213 2283 279 2342 ύπέκ
288 2284 389 2367 Τρώων
401 2289 567 2368 ὀρυμαγδοῦ,

89 2395 131 2429 τκε
139 2373 222 2430 πολὺν
233 2373 291 2431 καθ’
301 2372 392 2450 ὀμιλον
402 2375 516 2444 ὀπάζων.

90 2463 189 2540 φῶτας,
200 2459 242 2519 ὀτε
252 2460 357 2520 σεύαιτο
367 2461 477 2521 διώκειν·

100 2540 152 2606 οἷον
164 2548 227 2607 ἐόνθ’
240 2554 302 2630 ἱερῷ
313 2551 350 2609 ἐνί
360 2551 443 2633 δίφρῳ

89 2642 148 2708 θαι,
160 2637 204 2695 καί
215 2638 333 2716 ἐπίσχειν
343 2638 427 2705 ὠκέας
438 2639 541 2706 ἵππους.

89 2749 92 2774 ι
103 2729 204 2805 ἑταῖρος
215 2725 281 2805 ἀνήρ
291 2725 345 2783 ἴδεν
355 2728 526 2806 ὀφθαλμοῖσιν

89 2811 113 2877 ὸς
124 2812 253 2894 Λαέρκεος
263 2812 415 2889 Αἶμονίδαο·

90 2899 180 2980 ίφροιο,
191 2900 236 2958 καί
247 2900 430 2978 Αὐτομέδοντα
439 2902 581 2984 προςηύδα·

89 3036 90 3046 .
101 2986 139 3053 τίς
148 2987 188 3044 τοί
198 3012 226 3045 νυ
237 2992 301 3046 θεῶν
311 2989 437 3069 νηκερδέα
449 2989 546 3068 βουλήν

89 3082 158 3145 ίηκε,
169 3075 215 3133 καί
225 3075 326 3143 ἐξέλετο
336 3074 429 3157 φρένας
442 3079 548 3154 ἐσθλάς;

89 3185 114 3227 ις
125 3161 224 3241 μάχεαι
234 3162 331 3243 πρώτῳ
342 3166 368 3220 ἐν
378 3164 463 3245 ὁμίλῳ

89 3274 103 3306 ιι
110 3254 209 3330 ἑταῖρος
216 3250 357 3309 ἀπέκτατα
367 3252 463 3330 τεύχεα
470 3255 492 3311 δ’
502 3253 611 3339 Ἕκτωρ

91 3361 156 3396 οισιν
168 3339 311 3416 ἀγάλλεται
321 3340 458 3398 Αἰακίδαο.

89 3427 247 3504 Αὐτομέδων
256 3427 386 3509 προςέφη,
398 3428 511 3510 Διώρεος
520 3431 581 3500 υἱός·

88 3541 90 3547 ·
100 3514 151 3596 γάρ
160 3538 200 3573 τοι
210 3515 322 3594 Ἀχαιῶν
333 3516 410 3581 ἄλλος
420 3521 507 3593 ὁμοῖος
512 3565 521 3593 ,

88 3627 116 3659 ov
126 3604 220 3682 ἐχέμεν
230 3603 326 3680 δμῆσίν
338 3628 366 3661 τε
378 3603 453 3681 μένος
463 3629 505 3678 τε,

90 3713 130 3760 ος,
141 3688 226 3771 θεόφιν
238 3691 347 3770 μήστωρ
358 3692 516 3766 ἀτάλαντος,

88 3768 117 3833 ιύ
127 3777 236 3844 θάνατος
246 3778 291 3836 καί
302 3787 383 3858 μοῖρα
393 3777 504 3856 κιχάνει·

88 3863 175 3943 άστιγα
188 3866 232 3923 καί
247 3865 307 3935 ἡνία
319 3865 473 3943 σιγαλόεντα

88 3975 160 4009 ππων
170 3952 353 4029 ἀποόήσομαι,
365 3953 431 4034 ὄφρα
443 3953 582 4034 μάχωμαι.

88 4039 216 4115 λιιιμέδων
224 4038 250 4097 δέ
259 4040 366 4118 βοηθόον
375 4040 438 4122 ἅρμ’
451 4044 607 4124 ἐπορούσας,

88 4126 180 4205 άστιγα
191 4128 235 4186 καί
246 4128 305 4197 ἠνία
316 4129 409 4196 λάζετο
418 4130 518 4211 χερσίν

88 4215 218 4296 ἐπόρουσε.
227 4216 315 4287 Νόησε
324 4215 351 4274 δέ
360 4217 482 4297 φαίδιμος
489 4218 606 4303 Ἕκτωρ

88 4303 122 4361 Ϊαν
132 4304 307 4386 προςεφώνεεν
317 4304 392 4384 ἐγγίις
402 4304 487 4363 ἐόντα·

88 4390 136 4449 ιἰων
148 4391 292 4473 βουληφόρε
304 4391 517 4479 χαλκοχιτώνων,

87 4503 127 4550 ,σα
137 4479 268 4546 ποδώκεος
280 4479 425 4551 Αἰακίδαο,

88 4568 195 4648 φανέντι
206 4566 252 4625 σὺν
262 4567 389 4647 ἡνιόχοισι
399 4576 526 4630 κακοῖσιν.

87 4679 132 4727 ιην
143 4655 294 4736 αἱρησέμεν,
306 4659 329 4713 εἰ
339 4654 400 4733 σύγε
412 4660 486 4737 θυμῷ

87 4744 95 4800 ί
104 4746 151 4802 οὐκ
161 4744 201 4814 διν,
214 4743 386 4825 ἐφορμηθέντε
396 4767 425 4821 γε
435 4748 495 4816 νῶϊ,

87 4854 121 4889 ιον
131 4830 238 4896 στάντες
248 4828 415 4909 μαχέσασθαι
425 4828 512 4910 Ἄρηϊ.

87 4917 121 4975 ίδ
131 4916 257 4989 ἀπίθησεν
268 4918 310 4984 ἐῢς
318 4927 379 4984 παῖς
389 4918 523 4996 Ἀγχίσαο,

87 5028 120 5076 ην,
132 5003 208 5084 βοέῃς
218 5004 344 5083 εἰλυμένοι
352 5005 439 5083 ὤμους

90 5114 107 5148 ι·
115 5090 196 5158 πολὺς
207 5091 229 5149 δ’
240 5092 387 5163 ἐπελήλατο
396 5091 502 5172 χαλκός.

87 5178 181 5259 ,ρομίος
190 5202 218 5237 τε
228 5179 273 5237 καί
283 5177 391 5260 Ἄρητος
401 5178 514 5252 θεοειδής

872 406 1046 470 vnranrs
1071 411 1179 473 ινιτ.
1323 398 1327 402 ’
1387 430 1445 480 ιω

712 476 732 511 ν

664 529 788 584 numm
795 537 877 585 suem
885 535 940 586 nea
948 537 1113 601 emposta,
1122 541 1297 594 ωωηιωωι
1304 546 1445 610 maurum,
1458 528 1464 534 ’

664 632 812 685 movensque
820 627 906 685 capuit,
914 623 945 674 ed
954 638 1026 676 suum
1034 625 1096 678 dixit
1103 628 1211 679 animum
1222 645 1228 679 ι

695 707 732 756 Ab
741 709 835 770 miseri,
843 723 887 760 our
895 724 940 762 ros
948 712 1060 764 dedimus
1069 716 1140 766 Peleo
1149 719 1198 779 regi

664 795 773 845 umrtelit
781 808 826 846 vos
835 810 892 848 vero
901 779 1162 865 eetis⁰aeuiieupertes,
1172 805 1374 870 immortalesque„

663 886 700 932 Au
710 887 736 932 ut
745 896 894 936 aerumnosos
902 886 965 937 inter
973 886 1083 940 homines
1092 890 1186 942 dolores
1196 893 1331 945 laboretis?

663 982 710 1019 uon
719 971 784 1021 enim
793 973 922 1036 quiequam
931 975 1019 1026 alieubi
1027 982 1065 1027 est
1074 978 1236 1031 calamitosius
1245 982 1342 1034 bomine

662 1060 784 1121 omninum
793 1073 904 1124 quamque
913 1068 1081 1126 superterrm
1091 1067 1229 1131 spumaque
1238 1075 1262 1120 et
1271 1077 1406 1123 moventur.

663 1151 693 1195 At
703 1160 750 1196 non
759 1161 816 1200 eane
824 1150 895 1200 vobis
903 1155 969 1201 oerte
977 1157 1002 1203 et
1009 1153 1120 1205 curribus
1128 1156 1336 1210 mtideiosetuetis

661 1237 753 1284 ilector
762 1236 895 1288 Proetides
903 1239 1005 1289 vehetur
1017 1254 1023 1289 :
1035 1241 1100 1291 leand
1108 1242 1173 1293 enim
1181 1246 1326 1307 perurittdm.

661 1325 747 1373 Annon
756 1324 898 1388 vaus,quod
907 1331 933 1377 α
941 1340 1008 1378 arma
1016 1329 1102 1392 babet,
1112 1335 1138 1381 et
1146 1331 1339 1395 tutia-gloriatur
1348 1337 1401 1387 sic?

661 1410 738 1461 Vobis
747 1416 829 1464 autem
839 1413 866 1464 in
874 1427 952 1478 genua
960 1415 1056 1466 mittam
1065 1418 1147 1479 robur,
1158 1421 1217 1469 etin
1225 1422 1345 1484 animum,

662 1501 689 1546 ut
698 1503 722 1548 et
730 1500 930 1555 Automedontem
938 1503 1151 1556 salvumevebatia
1159 1520 1173 1555 e
1180 1522 1260 1570 pugna

661 1598 735 1635 naues
742 1586 775 1637 ad
782 1600 854 1640 cavae
862 1586 956 1641 :adbuc
963 1593 1028 1641 euim
1035 1593 1088 1642 ietia
1097 1593 1195 1655 gloriam
1205 1597 1332 1658 praebebo,

661 1675 799 1737 uteedaut,
806 1677 951 1740 usquedum
960 1679 1076 1730 tid-naves
1085 1681 1276 1734 bonis-transtris
1283 1687 1444 1748 pervenerint,

660 1763 821 1826 occideritque
830 1765 878 1827 sol,
888 1770 913 1816 et
921 1766 1027 1817 tenebrae
1036 1782 1110 1818 sacrm
1119 1773 1307 1832 supervenerint.

691 1850 730 1901 Sic
739 1851 846 1914 loeutus,
854 1854 924 1916 equis
933 1854 1059 1918 inspiravit
1067 1856 1141 1908 robur
1149 1857 1265 1910 validum.

661 1937 795 2000 litantem,
806 1940 894 2001 alubis
903 1941 1003 2005 pulvere
1012 1943 1126 1994 in-solum
1133 1959 1249 2008 exonam,

660 2024 773 2074 velociter
781 2025 889 2079 terebant
897 2029 973 2079 eitum
981 2044 1080 2080 currum
1088 2032 1151 2083 iuter
1159 2034 1274 2096 Troianos
1282 2040 1307 2085 et
1315 2038 1432 2100 Achivom

659 2111 735 2174 iisque
741 2117 825 2165 uectus
832 2117 982 2166 Automedon
989 2119 1119 2181 pugnabat,
1127 2119 1211 2170 duleus
1219 2123 1273 2173 lieet
1280 2123 1396 2187 deeoclo,

658 2213 731 2248 curru
742 2204 769 2250 tn
780 2205 842 2252 tetus
849 2216 935 2265 meus,
945 2209 1059 2269 tanquam
1066 2209 1148 2258 vultur
1157 2209 1181 2258 in
1191 2224 1304 2261 anseres:

658 2287 727 2338 tacite
736 2291 802 2339 euim
810 2291 944 2354 refugiebat
953 2307 967 2345 e
976 2293 1135 2355 Troianorum
1143 2299 1264 2360 tumultu,

659 2374 727 2425 none
735 2382 760 2428 et
769 2378 875 2429 irruebat
883 2381 1014 2431 consertam
1024 2396 1066 2444 per
1075 2383 1184 2444 turbam,
1193 2399 1348 2449 persequens.

659 2464 706 2512 Sed
715 2477 763 2514 non
772 2467 898 2518 occidebat
907 2469 985 2529 viros,
1002 2471 1100 2532 quando
1109 2471 1348 2535 impetum-sumebat
1362 2490 1442 2539 perae-

657 2550 746 2613 quendi
754 2552 775 2615 1]
785 2553 971 2618 tuudquaquam
981 2557 1045 2607 euim
1054 2558 1134 2620 licuit,
1144 2560 1223 2609 eolvrm
1232 2567 1335 2612 stantem
1343 2577 1411 2614 saura
1417 2566 1442 2614 in

657 2639 742 2702 sella,]
751 2640 819 2690 basta
826 2642 1076 2704 impetum-iacere‚et
1083 2647 1191 2698 inhibere
1200 2648 1295 2700 veloces
1302 2665 1386 2713 equos.

657 2727 763 2777 Tandem
774 2743 831 2779 vero
840 2730 908 2779 illum
918 2733 1000 2781 socius
1009 2733 1046 2782 vir
1056 2734 1117 2785 vidit
1125 2736 1204 2786 uenis

657 2813 809 2879 Alcimedon,
818 2817 881 2867 tilius
891 2820 987 2869 Laercei
997 2821 1146 2872 AEmonidm:

657 2905 723 2952 stetit
731 2909 812 2955 autem
823 2910 878 2968 poet
886 2919 996 2970 currum,
1005 2912 1030 2957 et
1039 2910 1239 2960 Automedontem
1248 2909 1413 2965 allocutusest
1424 2933 1430 2965 :

687 2992 851 3056 Automedon,
860 2995 970 3056 quisnam
980 2996 1023 3045 tibi
1033 2996 1133 3064 deorum
1142 2998 1227 3049 inutile
1236 3001 1363 3051 consilium

656 3081 792 3143 pectoribus
800 3082 898 3142 indidit,
907 3086 932 3132 et
941 3083 1040 3135 abstulit
1049 3091 1154 3136 nentem
1162 3093 1262 3138 sanam?

655 3168 763 3230 qnod-ita
772 3169 797 3218 in
806 3170 922 3231 Troianos
931 3185 1023 3234 pugnae
1032 3174 1109 3235 prima
1117 3174 1142 3223 in
1152 3175 1223 3226 turba

655 3256 734 3318 solus;
744 3261 770 3306 at
778 3257 821 3308 tibi
831 3260 911 3308 melus
919 3261 1073 3324 oueisuseet3
1083 3275 1150 3313 mma
1157 3268 1239 3314 autem
1248 3268 1336 3316 flector

655 3343 706 3406 ipse
714 3358 799 3407 gerens
808 3345 915 3396 humeris
924 3348 1028 3398 exsultat
1037 3348 1150 3400 AEacidm.

685 3433 756 3482 illum
765 3446 823 3483 vero
832 3435 982 3484 Automedon
990 3436 1170 3498 allocutusest,
1179 3439 1258 3488 Dion'a
1267 3440 1331 3490 ivlius
1341 3457 1347 3490 :

654 3519 806 3581 Alcimedon,
815 3522 926 3584 quisnam
935 3523 980 3572 tibi
989 3524 1135 3574 Achivorum
1144 3527 1206 3575 vilius
1215 3528 1314 3589 suadis,

653 3620 769 3668 equorum
774 3609 944 3659 immortalium
949 3611 1149 3663 cui-in·mann·sit
1155 3615 1359 3679 castigatloqueet
1366 3618 1438 3681 impe

654 3699 693 3743 tns
700 3695 716 3758 ‚]
727 3696 772 3745 nisi
782 3698 919 3757 Patroclus,
928 3698 976 3747 diis
985 3699 1069 3747 artilex
1080 3713 1136 3761 par,

653 3781 710 3830 dum
718 3783 895 3833 viveratinuue
902 3789 983 3833 antem
990 3792 1149 3837 morseumet
1157 3788 1233 3838 tutum
1239 3797 1435 3854 assecutumest;

653 3883 736 3919 vorum
745 3876 772 3921 tn
783 3871 898 3921 scuticam
907 3877 932 3922 et
941 3872 1047 3923 trebereos
1056 3874 1194 3937 splendidas

652 3960 745 4021 accipe,
755 3973 799 4021 ego
808 3966 889 4010 autem
898 3975 970 4011 curru
980 3960 1137 4021 descendam,
1147 3967 1174 4012 ut
1183 3977 1295 4025 pugnem.

682 4048 721 4095 Sic
730 4048 790 4098 divit
800 4049 954 4099 :Alcimedon
968 4055 1050 4099 autem
1066 4051 1262 4115 celerem-praelio
1271 4067 1368 4103 currum
1378 4067 1434 4104 oon·

651 4135 791 4200 ecendeueJ,
799 4137 886 4199 raptim
896 4139 1012 4188 scuticam
1021 4144 1046 4189 et
1056 4139 1161 4188 habenas
1170 4140 1233 4202 cepit
1244 4141 1353 4190 manibus
1364 4155 1371 4188 ε

652 4223 801 4273 Automedon
811 4238 869 4274 vero
877 4225 974 4275 desiliit.
986 4227 1053 4276 Vidit
1063 4231 1143 4277 antem
1152 4226 1293 4289 splendidus
1302 4230 1399 4292 lieetor,

651 4312 779 4374 statimqne
788 4316 886 4362 AEneam
896 4312 1074 4375 allocutus-eet,
1084 4328 1157 4377 prope
1167 4320 1270 4364 stantem
1282 4331 1289 4364 ι

681 4404 767 4460 AEnea,
776 4399 933 4461 Troianorum
943 4403 1053 4465 princeps
1061 4403 1284 4463 aere-loricatorum,

649 4501 724 4551 equos
734 4489 778 4538 bos
787 4488 946 4538 animadverti
955 4490 1157 4552 pedibus-uelocis
1166 4490 1270 4540 meida

649 4576 673 4624 in
683 4590 786 4639 pugnam
795 4591 947 4640 progressos,
956 4591 1013 4626 cum
1022 4576 1110 4637 aurigis
1119 4574 1255 4624 imbellibus
1265 4590 1272 4623 ε

649 4660 703 4710 ideo
712 4662 857 4724 speraverim
865 4676 906 4712 me
915 4668 1054 4726 capturum,
1064 4663 1084 4710 ai
1094 4661 1202 4711 modu-tu
1211 4663 1293 4713 animo

649 4753 691 4798 tuo
701 4750 760 4799 velis
772 4765 777 4798 :
788 4764 864 4813 quum
873 4765 933 4810 non,
943 4752 1060 4799 irruentes
1069 4750 1164 4810 innos,

648 4837 821 4887 substinuerint
830 4843 913 4887 eontm
923 4842 1015 4886 stantes
1023 4851 1129 4900 pugnare
1138 4841 1222 4888 Marte.

679 4935 718 4982 Sic
727 4934 788 4982 divit
799 4950 805 4981 ι
815 4948 859 4983 neo
867 4934 1102 4984 oon-obsecutusest
1111 4935 1179 4985 tortis
1189 4935 1254 4986 tilius
1263 4937 1382 4989 Anchisae.

647 5022 677 5070 ttt
687 5034 744 5069 vero
753 5025 817 5069 reeta
827 5021 907 5081 ibant,
917 5021 1133 5083 tergoribusboum
1143 5024 1199 5073 teeti
1210 5024 1336 5085 ivnmerus,

646 5108 731 5167 aridis,
741 5108 824 5158 solidis
834 5125 841 5158 ε
852 5109 978 5174 multiplex
987 5123 1045 5161 vero
1054 5111 1313 5174 superinductumerat
1321 5124 1364 5161 ms.

645 5200 707 5247 cum
718 5195 845 5246 bis'autem
854 5197 1030 5263 nummusque
1038 5203 1063 5249 et
1071 5204 1160 5250 Arctus
1168 5198 1349 5260 dtvtuuetormae
