3570 5932
335 415 588 488 ,ΟΔΥΣΣΕΙΔΣ
607 432 640 488 Δ.

155 544 247 628 Αὐτθιρ
256 543 294 604 δι’
303 548 331 605 έν
340 545 422 628 πεδίῳ
431 547 532 630 Τρώιον
542 549 703 632 μαρνοίμῑθα
712 553 818 635 χαλκῷ,

153 632 244 692 οὔποτ’
254 633 292 693 ἐνί
300 635 397 706 πληθυῖ
407 637 482 712 μένεν
494 638 592 719 ἀνδρῶν
600 640 653 698 οὐδ’
664 643 690 699 ἐν
700 640 798 723 θμίλφ,

95 740 138 777 sta
150 718 220 779 ἀλλά
228 719 295 779 πολὺ
304 721 458 802 προθέεσκε,
467 721 497 781 τὸ
507 722 535 782 ὀν
544 723 619 802 μένος
627 726 709 786 οὐδενί
719 727 804 787 ιίκων·

151 809 264 874 πολλοὺς
274 809 296 866 δ’
306 807 401 890 ἄνδρας
409 808 517 891 ἔπεφνεν
527 814 553 869 ἐν
563 814 623 892 αἰνῇ
633 815 758 887 δηϊοτῆτι.

151 893 260 962 Πάντας
269 881 297 952 δ’
302 897 349 953 οὐκ
359 893 391 953 θν
400 893 452 974 ἐγώ
461 896 612 978 μυθήσομαι
621 901 675 959 οὐδ’
684 900 816 979 ὀνομήνω,

151 981 229 1042 ὅσσον
237 984 301 1041 λαὸν
311 981 426 1064 ἔπεφνεν,
437 984 542 1062 ὀμύνων
551 986 710 1067 Ἀργείοισιν·

151 1070 211 1128 ἀλλ’
220 1060 273 1129 οἷον
281 1069 326 1128 τὸν
334 1069 487 1152 Τηλεφίδην
495 1073 657 1156 κατενήρατο
665 1079 776 1159 χαλκῶ,

93 1176 137 1216 ano
149 1157 215 1239 ἥρω’
226 1155 390 1239 Εὐρύπυλον·
399 1158 491 1217 πολλοὶ
501 1161 523 1217 δ’
533 1163 599 1243 ἀμφ’
610 1162 688 1222 αὐτὸν
697 1167 796 1246 ίταῖροι

150 1245 260 1316 Κήτειοι
270 1243 412 1318 κτείνοντο,
421 1245 533 1323 γυναίων
543 1245 628 1306 είνεκα
639 1248 736 1332 δώρων.

149 1335 244 1392 Κεῖνον
254 1330 286 1403 δὴ
294 1330 433 1390 καλλιστον
442 1331 497 1391 ίδον
507 1333 574 1412 μετὰ
583 1333 709 1414 Μέμνονα
719 1338 781 1396 διον.

148 1418 241 1500 Αὐτὰρ
251 1418 287 1478 δι’
297 1416 421 1487 ιίςίτιπον
434 1421 632 1500 κατεύαίνομεν,
641 1423 669 1482 θν
678 1423 742 1502 κάμ’
753 1424 875 1499 Ἐπειὸς,

148 1504 272 1586 Ἀργείων
281 1508 304 1564 οἱ
315 1505 494 1587 άριστοι,έμοί
504 1510 526 1567 δ’
535 1507 578 1567 ἐπί
587 1509 663 1569 πάντ’
673 1509 802 1571 ἐτέταλτο·

94 1610 134 1651 aas
148 1590 229 1673 [ἠμέν
238 1593 375 1650 ἀνακλῖναι
383 1591 490 1652 πυκινὸν
499 1592 577 1675 λόχον
587 1597 628 1667 ἠδ’
639 1599 785 1677 έπιθεῖναι·]

146 1679 197 1738 ἔνθ’
208 1679 282 1738 Dior
291 1682 401 1738 Δαναῶν
410 1679 537 1762 ἡγήτορες
545 1679 592 1752 ἠδέ
602 1681 721 1760 μέδοντες

147 1765 249 1847 δάκρυά
258 1766 280 1823 τ’
290 1763 454 1847 ὠμόργνυντο
464 1766 559 1848 τρέμον
569 1767 590 1826 θ’
601 1768 651 1828 ύπδ
660 1779 721 1848 γυῖα
733 1770 853 1830 ἑκάστου·

145 1863 232 1913 κεῖνον
241 1855 264 1912 δ’
273 1852 366 1912 οὐποτε
375 1853 488 1932 πάμπαν
497 1853 564 1933 έγὼν
572 1855 626 1914 ίδον
635 1859 805 1939 ὀφθαλμοῖσιν

145 1941 200 2001 οὔτ’
210 1940 368 2022 ὠχρήσαντα
377 1940 444 2023 χρεία
454 1941 582 2020 κάλλιμον
591 1942 649 2002 οὐτε
659 1950 774 2027 παρειῶν

92 2048 131 2088 sao
145 2026 238 2109 δάκρυ’
249 2027 432 2109 ὀμορξάμενον·
443 2027 495 2087 θδέ
504 2053 537 2106 με
548 2028 620 2106 μάλα
630 2030 706 2091 πάλλ’
716 2031 830 2094 ἱκέτευεν

143 2114 256 2174 ἱππόθεν
264 2114 393 2193 ἐξίμεναι,
402 2114 485 2198 ξίφεος
495 2118 517 2174 δ’
528 2117 670 2195 ἐπεμαίετο
679 2118 772 2192 κώπην

142 2203 192 2263 καί
201 2201 261 2284 δύρυ
269 2201 446 2285 χαλκούαρές,
455 2202 526 2262 κακδι
536 2202 563 2263 δέ
572 2203 694 2286 Τρώεσσι
704 2207 818 2286 μενοίνα.

142 2299 215 2361 Ἀλλ’
224 2298 267 2358 ὅτε
277 2298 308 2372 δὴ
319 2299 451 2382 Πριάμοιο
459 2300 535 2360 πάλιν
545 2301 719 2384 διεπέρσαμεν
729 2303 820 2380 αἰπήν,

143 2394 240 2468 μοῖραν
251 2385 297 2445 καί
305 2386 383 2467 γε’ροις
392 2387 481 2446 έσθλδν
492 2385 560 2467 έχων
569 2389 612 2448 ἐπί
622 2389 681 2462 νηδς
690 2389 791 2451 έόαινεν

89 2494 126 2533 aas
142 2472 275 2546 ἀσκηθὴς,
285 2473 338 2532 οὐτ’
349 2473 381 2556 ὀρ
393 2473 551 2554 βεύλημίνος
560 2475 612 2544 ὀξέϊ
619 2480 713 2559 χαλκῷ

142 2561 200 2621 οὐτ’
213 2560 383 2641 αὐτοσχεδίην
393 2562 557 2639 οὐτασμένος·
569 2555 612 2622 οἷά
621 2587 649 2622 τε
660 2563 746 2624 πολλά

141 2647 261 2727 γίγνεται
270 2650 297 2707 έν
305 2645 422 2730 πολέμῳ·
433 2648 523 2727 έπιμίξ
532 2648 560 2708 δέ
568 2673 597 2708 τε
606 2650 727 2728 μαίνεται
736 2650 823 2735 Ἄρης.

182 2734 234 2801 Ὧς
242 2732 354 2815 ἐφάμην·
364 2732 436 2815 ψυχὴ
448 2734 475 2794 δέ
484 2734 614 2803 ποδώκεος
625 2735 752 2796 Αἰακίδαο

140 2819 221 2901 φοίτα
231 2819 321 2902 μακρό
332 2820 433 2899 βιύῶσα
444 2824 502 2880 κατ’
512 2822 654 2904 άσφοδελόν
662 2826 793 2900 λειμῶνα,

89 2928 124 2966 ‚to
139 2904 286 2986 γηθοσύνη,
295 2904 312 2965 ὀ
319 2909 342 2965 οἱ
351 2905 406 2964 otis
416 2905 480 2988 έφην
489 2907 647 2989 ἀριδείκετον
656 2901 730 2969 εἶναι.

181 2996 218 3053 Δί
228 2994 251 3051 δ’
261 2991 339 3052 ὀλλαι
348 2993 431 3074 ψυχαί
440 2993 538 3054 νεκύων
549 2996 769 3069 κατατεθνηώτων

141 3079 256 3139 ἵστασαν
265 3079 424 3160 ἀχνύμεναι,
434 3080 532 3163 είροντο
542 3079 569 3140 δέ
578 3083 650 3155 κήδε’
660 3083 768 3158 έκάσιη.

140 3167 196 3239 Οίη
206 3169 230 3226 δ’
240 3166 350 3234 Αἴαντος
360 3167 433 3248 ψυχή
442 3169 653 3246 Τελαμωνιάδαο

139 3253 232 3336 νύσφιν
242 3252 397 3336 ὀφεοτήκει,
406 3254 670 3334 κεχολωμένηείνεκα
680 3256 766 3331 νίκης,

89 3353 125 3401 as
139 3341 190 3413 τήν
199 3364 243 3419 μιν
247 3339 305 3422 ὀγδι
314 3341 410 3413 νίκησα
420 3341 586 3421 δικαζόμενος
594 3342 668 3427 παρά
676 3345 767 3418 νηυσίν

137 3426 260 3508 τεύχεσιν
268 3430 334 3510 ἀμφ’
345 3429 471 3508 Ἀχιλῆος·
481 3429 557 3502 ίθηκε
567 3428 595 3489 δέ
604 3430 698 3491 πότνια
709 3432 806 3515 μήτηρ.

139 3516 244 3595 [παῖδες
253 3512 280 3573 δέ
290 3513 390 3595 Τρώων
399 3515 509 3575 δίκασαν
519 3517 564 3576 καί
574 3516 684 3586 Παλλάς
692 3519 806 3600 Ἀθήνη]

139 3603 192 3669 Ὦς
200 3600 233 3673 δὴ
244 3600 280 3679 μή
290 3600 382 3682 ὀφελον
393 3613 467 3684 νικᾷν
477 3605 561 3685 τοιῷδ’
572 3607 613 3664 ἐπ’
625 3604 718 3686 ἀέθλῳ·

137 3688 213 3762 τοίην
222 3685 273 3769 γάρ
283 3686 400 3769 κεφαλὴν
410 3687 474 3748 ίνεκ’
485 3691 571 3750 αὐτῶν
579 3700 644 3771 γαῖα
656 3691 794 3774 κατέσχεν,

89 3799 125 3838 rso
140 3775 243 3848 Ἀίανθ,
252 3772 279 3842 ὀς
287 3772 347 3855 πέρι
357 3772 405 3853 μέν
414 3765 492 3848 εἶδος,
501 3775 562 3860 πέρι
572 3778 594 3836 δ’
606 3776 669 3859 έργα
678 3777 786 3838 τέτυκτο

136 3865 190 3922 τῶν
200 3861 286 3920 οθιλων
295 3864 414 3933 Δαναῶν,
427 3861 483 3939 μετ’
494 3860 616 3940 ὀμύμονα
627 3863 776 3938 Πηλείωνα.

137 3948 193 4011 Τδν
201 3946 251 4092 μέν
259 3945 326 4026 έγύιν
336 3946 439 4006 tabam
451 3947 600 4029 προςηύδων
611 3951 784 4031 μειλιχίοισιν·

179 4040 204 4095 Δ
216 4042 314 4107 αν,παῖ
323 4034 482 4110 Τελαμῶνος
491 4033 637 4112 ἀμύμονος,
648 4040 695 4097 οὐκ
705 4037 746 4119 ἄρ’
757 4037 864 4116 έμιλλες

138 4121 197 4181 οὐδέ
207 4119 291 4180 θανών
298 4118 424 4191 λήσεσθαι
433 4119 491 4196 ἐμοὶ
500 4143 520 4198 χ
521 4119 580 4179 ολου
588 4166 597 4195 ,
607 4120 693 4183 εἵνεκα
701 4124 815 4205 τευχέων

89 4232 124 4270 555
137 4206 299 4287 οὐλομένων,
308 4203 342 4265 τθι
352 4204 379 4264 δέ
388 4210 466 4283 πῆμα
476 4206 527 4264 θεοί
537 4204 614 4265 θέσαν
624 4208 782 4291 Ἀργείοισιν.

136 4300 216 4362 Toto<
224 4294 275 4376 γάρ
286 4317 346 4376 σφιν
355 4291 453 4375 πύργος
463 4292 574 4351 ἀπώλεο·
586 4302 641 4354 σεῖο
651 4298 673 4355 δ’
684 4297 785 4378 Ἀχαιοί

133 4375 194 4442 ’ίσον
203 4382 338 4462 Ἀχιλλῆος
347 4382 448 4460 κεφαλῇ
460 4379 631 4454 Πηληϊάδαο,

137 4468 272 4549 ἀχνύμεθα
282 4465 413 4549 φθιμένοιο
420 4465 567 4548 διαμπερές·
577 4469 635 4528 οὐδέ
644 4492 682 4537 τις
691 4467 768 4538 ἄλλος

138 4556 232 4626 αίτιος,
243 4553 311 4613 dili
322 4551 387 4622 Ζεύς
396 4557 505 4612 Δαναῶν
517 4553 627 4634 στρατὸν
637 4556 794 4635 αἰχμητάων

89 4664 123 4703 teo
137 4642 274 4721 ἐκπάγλοις
282 4641 389 4720 ἤχθηρε·
399 4634 451 4698 τείν
461 4639 483 4698 δ’
494 4639 536 4700 έπλ
546 4649 639 4724 μοῖραν
648 4641 747 4713 ἔθηκεν.

137 4731 207 4789 Ἀλλ’
217 4727 265 4806 άγε
275 4728 362 4808 δεῦρο,
372 4725 435 4795 ἄναξ
442 4773 449 4800 ,
457 4725 491 4785 ἵν’
501 4726 561 4795 ἔπος
570 4728 615 4787 καί
625 4733 704 4807 μῦθον
714 4726 828 4809 ἀκούσης

134 4817 270 4898 ἡμέτερον·
281 4813 398 4893 δάμασον
404 4811 431 4872 δέ
441 4812 515 4892 μένος
520 4815 565 4873 καί
570 4815 687 4898 ἀγήνορα
696 4814 785 4894 θυμύν.
802 4818 861 4896 βας

177 4903 227 4969 Ὦς
237 4900 368 4982 ἐφάμηνθ
378 4898 405 4958 δέ
414 4900 441 4977 μ’
452 4899 524 4959 οὐδέν
535 4901 672 4980 ἀμείόετο,
679 4900 809 4992 βῆδέμετ“
816 4903 861 4962 άλ-

136 4987 223 5071 papir<
232 4991 267 5055 εἰς
276 4986 387 5068 Ἔριδος
396 4983 492 5045 νεκύων
502 4987 730 5061 κατατεθνηώτων.

89 5100 123 5137 ’,οε
136 5076 222 5142 Ἔνθα
231 5077 257 5155 χ’
268 5078 337 5152 ὁμῶς
345 5072 457 5155 προςέφη
464 5073 655 5154 κεχολωμένος,
665 5074 683 5148 ή
692 5099 736 5136 κεν
746 5073 797 5156 ἐγώ
807 5076 859 5152 τὸν,

137 5163 207 5223 ἀλλά
216 5186 261 5242 μοι
270 5162 347 5234 ήθελε
356 5160 434 5239 θυμὸς
443 5159 481 5221 ἐνί
489 5160 612 5236 στήθεσσι
621 5161 732 5244 φίλοισιν

138 5288 139 5291 ’
192 5276 309 5313 nonnus

1164 441 1371 506 0DYsstttu
1395 449 1451 509 xt.
1637 467 1689 520 tot

918 559 948 604 at
957 557 1159 623 quomincampo
1167 563 1322 624 Troianorum
1331 569 1494 630 pugnabamus
1502 585 1563 637 mre,
1641 601 1643 605 <

918 655 1038 704 uunquam
1047 644 1072 693 iu
1081 647 1233 699 multitudiue
1243 653 1354 703 manebat
1361 655 1480 718 virorum,
1490 672 1568 723 neque
1577 660 1601 711 iu
1611 663 1695 726 turbu,

917 729 960 778 sed
969 729 1037 792 longe
1045 734 1216 797 praecurrebat,
1226 751 1271 786 suo
1279 739 1363 790 robore
1373 742 1433 792 nulli
1441 745 1541 808 τούτοις

917 816 1005 865 multos
1013 823 1095 868 autem
1103 821 1168 871 viros
1178 823 1305 874 trucidavit
1314 826 1339 874 in
1347 840 1431 891 aspera
1439 844 1527 893 pugna.

917 905 1006 953 Omnes
1015 917 1072 954 vero
1081 919 1129 956 non
1138 921 1181 970 ego
1189 908 1274 961 dixero
1282 925 1326 961 nec
1334 915 1503 977 nominavero,

916 994 1017 1051 quantas
1026 993 1106 1054 copias
1114 994 1240 1057 occiderit,
1251 1011 1401 1061 pmpucnans
1410 1005 1521 1066 Argivis:

916 1075 959 1124 sed
968 1077 1062 1138 qualem
1072 1079 1139 1157 illum
1148 1082 1293 1145 Telepbideu
1302 1085 1446 1138 interfecerit
1455 1090 1517 1141 terro
1522 1127 1531 1153 ,

916 1160 1012 1211 heroem
1023 1166 1171 1229 Eurypylum
1181 1184 1187 1218 :
1197 1170 1266 1219 multi
1275 1185 1333 1221 vero
1343 1174 1406 1224 circa
1413 1189 1470 1225 eum
1479 1179 1536 1227 socii

917 1250 985 1299 Cetei
996 1252 1184 1317 trucidabantur,
1193 1257 1319 1308 muliebria
1327 1266 1423 1323 propter
1431 1262 1502 1313 dona.

915 1336 986 1385 Illum
995 1351 1052 1388 saue
1061 1340 1230 1403 pulcerrimum
1240 1344 1301 1405 vidi,
1310 1351 1365 1409 post
1374 1350 1524 1400 Memnonem
1533 1351 1650 1404 ditinum.

916 1427 950 1472 Ac
959 1438 1033 1487 quum
1042 1426 1067 1475 iu
1076 1440 1165 1490 equum
1176 1431 1374 1496 conscendimus,
1384 1448 1457 1498 quem
1465 1436 1591 1490 fabricavit
1603 1446 1685 1504 Epeus

914 1515 1055 1575 Argivomm
1065 1515 1197 1580 principes,
1206 1518 1265 1567 milri
1274 1524 1355 1570 autem
1364 1523 1444 1573 omnia
1453 1526 1672 1579 commissaerant:

915 1599 948 1663 [et
957 1601 1107 1664 utaperirem
1115 1602 1202 1654 densas
1211 1605 1322 1668 iusidias,
1332 1612 1356 1658 et
1364 1609 1547 1663 utindudersm
1557 1613 1574 1677 τ]

915 1688 953 1737 bic
961 1689 1000 1737 ulii
1011 1693 1145 1740 Danaorum
1154 1691 1265 1743 ductores
1274 1707 1303 1743 ac
1311 1695 1432 1759 principes

913 1773 1695 1848 lacrimasquesibiabstergebeut‚tremebantquesubtusmembm

913 1862 1029 1926 cujusque
1034 1863 1050 1928 ς]
1057 1864 1124 1914 illum
1133 1879 1319 1930 veronunquam
1328 1872 1425 1920 omniuo
1434 1886 1477 1934 ego
1486 1874 1536 1923 vidi
1545 1875 1621 1926 oculis

914 1961 958 1997 nec
967 1949 1138 2010 pallescentem
1146 1965 1244 2014 corpore
1253 1955 1336 2016 pulcro
1341 1992 1349 2017 ,
1359 1970 1436 2020 neque
1446 1961 1536 2021 egenis

913 2033 1023 2086 beritum
1030 2037 1204 2100 abstergentem
1216 2055 1222 2088 :
1233 2041 1275 2091 sed
1287 2045 1309 2091 is
1319 2044 1378 2092 milri
1387 2047 1533 2108 permultum
1548 2049 1695 2113 supplicabat

913 2122 1015 2185 absquo
1023 2124 1148 2186 uteairet5
1158 2126 1230 2187 gladii
1238 2133 1318 2178 autem
1327 2130 1455 2192 prensabat
1464 2135 1588 2197 capulum,

912 2215 937 2259 et
946 2211 1039 2259 iustam
1048 2225 1215 2275 rere-gravem,
1224 2215 1334 2279 malaque
1342 2218 1450 2279 Troianis
1459 2222 1610 2272 moliebatur.

914 2297 961 2347 Sed
970 2298 1067 2361 quando
1075 2301 1162 2349 Priami
1172 2301 1255 2352 urbem
1265 2303 1497 2377 depoputstwmus
1505 2310 1640 2373 excelsam,

911 2387 1044 2449 portionem
1052 2392 1077 2437 et
1086 2401 1174 2438 munus
1183 2390 1299 2440 eximium
1308 2392 1412 2455 babens,
1421 2408 1509 2446 navem
1516 2397 1694 2449 conscendebat

912 2473 1053 2535 incolumis,
1063 2488 1140 2538 neque
1149 2460 1313 2528 eminus-ictus
1322 2484 1392 2529 acuto
1400 2494 1448 2531 aare
1454 2516 1462 2542 ‚

911 2574 955 2609 uec
965 2562 1073 2611 cominus
1082 2563 1233 2624 vulneratus3
1243 2569 1270 2613 ut
1279 2578 1344 2628 saepo

910 2647 938 2696 nt
947 2648 972 2696 iu
981 2648 1056 2710 bello;
1066 2650 1201 2712 promiscue
1210 2665 1267 2700 vero
1277 2652 1349 2702 luerit
1359 2656 1429 2703 biars.

941 2735 982 2785 sic
990 2735 1040 2785 dixi
1051 2752 1057 2784 :
1067 2737 1146 2786 anima
1155 2742 1236 2788 autem
1246 2739 1439 2801 pedibusceleris
1448 2742 1553 2793 aeacidae

910 2821 990 2872 abibat
1001 2824 1092 2886 megaris
1104 2824 1333 2888 passibusgradiens
1342 2842 1385 2890 per
1395 2829 1631 2894 asphodelopleuum
1638 2845 1690 2894 pra·

909 2909 984 2974 tum,]
993 2909 1061 2972 laete,
1071 2911 1135 2975 quod
1144 2912 1166 2960 ei
1176 2912 1251 2962 filium
1260 2913 1375 2966 dixissem
1385 2915 1500 2977 insignem
1510 2930 1571 2967 esse.

941 2999 1034 3047 ceterae
1043 3011 1100 3048 vero
1109 2999 1196 3048 emmae
1205 3004 1354 3050 mortuorum
1363 3001 1528 3052 detunctorum

910 3084 1005 3134 stabant
1014 3090 1154 3146 moerenms,
1164 3087 1338 3150 narrabantque
1347 3088 1441 3140 dolores
1450 3103 1609 3154 unaquaeque.

909 3172 964 3222 Sola
973 3175 1053 3222 eutem
1062 3172 1140 3234 Aiacis
1149 3173 1228 3223 aalma
1237 3173 1366 3224 Telamouii

908 3257 977 3320 louge
986 3258 1129 3319 absistebat,
1139 3260 1199 3309 irata
1207 3265 1302 3324 pmpter
1311 3262 1447 3322 victoriam,

908 3359 955 3409 qua
965 3346 1043 3409 ipsum
1052 3360 1096 3409 ego
1105 3347 1152 3396 vici
1159 3383 1167 3409 ,
1174 3347 1420 3408 judiciocontendens
1428 3349 1492 3412 apud
1501 3362 1589 3411 nares,

908 3432 939 3484 de
947 3434 1020 3482 armis
1029 3433 1128 3484 Achillis
1133 3450 1141 3495 ;
1151 3435 1274 3497 proposuit
1282 3440 1363 3487 autem
1373 3436 1507 3486 ιειιοτοιιθι
1516 3442 1599 3487 mater.

909 3519 961 3584 [filii
969 3526 1051 3571 autem
1059 3520 1216 3583 Troianorum
1222 3520 1359 3583 judicarunt
1367 3527 1392 3574 et
1400 3522 1477 3572 Pallas
1487 3523 1610 3586 Minerva]

907 3608 1004 3658 Utinam
1014 3621 1071 3658 saue
1080 3622 1126 3657 uon
1134 3608 1246 3658 vicissem
1255 3609 1296 3658 tali
1307 3610 1332 3658 in
1341 3611 1470 3660 certamine
1480 3626 1486 3658 :
1582 3641 1586 3647 -

907 3694 955 3744 tale
963 3695 1027 3744 euim
1035 3699 1107 3757 caput
1115 3695 1147 3744 ob
1155 3695 1201 3744 isia
1210 3707 1286 3744 ornae
1296 3699 1358 3745 terra
1367 3695 1482 3756 detinuit,

907 3781 1015 3842 manem,
1024 3782 1065 3845 qui
1075 3781 1287 3844 praestantissimus
1296 3782 1371 3830 torma
1380 3786 1405 3831 et
1413 3781 1568 3844 rebus-gestis
1577 3782 1622 3832 init

907 3872 1039 3918 ceterorum
1048 3871 1198 3926 Danaorum,
1207 3872 1262 3929 post
1272 3867 1388 3917 exin1ium
1397 3868 1503 3918 Peliden.

906 3955 976 4005 Illum
984 3955 1082 4019 quidem
1090 3967 1132 4016 ego
1141 3954 1221 4004 serlus
1229 3954 1365 4018 alloquebar
1374 3953 1466 4003 blandis
1478 3970 1483 4002 :

936 4042 1008 4104 ajam
1018 4041 1050 4091 fiti
1060 4041 1196 4092 Telamonis
1205 4041 1286 4091 exbnii
1292 4077 1300 4102 ‚
1310 4055 1358 4090 nou
1367 4055 1422 4103 ergo
1431 4054 1485 4090 ems

905 4142 935 4178 ue
944 4134 1052 4179 mortuus
1062 4128 1159 4192 quidem
1167 4128 1284 4178 oblituros
1294 4128 1351 4177 mihi
1361 4129 1418 4191 ire,
1427 4128 1459 4177 ob
1468 4141 1534 4176 mma

904 4217 1050 4279 peruiciosa?
1059 4216 1099 4265 illa
1107 4220 1188 4265 autem
1196 4215 1326 4278 perniciem
1334 4215 1367 4264 dii
1377 4215 1483 4264 iecerunt
1492 4214 1594 4276 Argivis.

904 4304 969 4353 Talis
978 4304 1042 4353 enim
1051 4303 1111 4366 ipsis
1120 4302 1192 4352 turris
1202 4302 1292 4365 periisti
1303 4316 1309 4351 :
1320 4306 1449 4366 propter-tc
1459 4305 1540 4352 autem
1549 4300 1649 4360 Aclriti,

904 4403 1010 4454 aequone
1019 4389 1222 4453 propter-Acidllis
1230 4393 1302 4452 caput
1311 4389 1414 4449 Pelidae,

904 4476 1011 4527 dolemus
1019 4475 1158 4527 defunctum
1167 4490 1243 4540 usque
1254 4493 1260 4525 :
1271 4489 1347 4538 neque
1356 4474 1482 4539 quisquam
1493 4473 1555 4523 alius

903 4564 1007 4627 inculpa
1015 4567 1067 4621 cst,
1078 4564 1121 4615 sed
1129 4564 1222 4627 Jupiter
1229 4567 1365 4614 Danaorum
1374 4561 1505 4612 exercitum
1513 4560 1679 4612 bellicosorum

902 4652 1108 4715 graviteroderat3
1117 4651 1160 4702 tibi
1169 4652 1311 4701 voratarum
1319 4650 1442 4713 imposuit.

903 4739 951 4790 Sed
959 4754 1015 4802 ege,
1025 4739 1151 4800 buc-veni,
1160 4753 1216 4801 rex,
1225 4742 1253 4788 ut
1263 4738 1362 4789 verbum
1372 4741 1396 4786 et
1404 4736 1536 4786 orationem
1544 4733 1629 4786 audias

902 4832 1008 4877 nostram
1019 4843 1025 4876 :
1036 4828 1107 4877 doma
1115 4831 1196 4877 auum
1205 4827 1264 4876 irarn
1274 4829 1299 4875 et
1306 4837 1447 4887 generosum
1456 4823 1571 4873 animum.

932 4915 972 4964 sic
979 4915 1042 4963 diri:
1052 4914 1155 4964 illevero
1163 4912 1288 4964 mibiuibil
1297 4911 1428 4976 respoudit,
1436 4900 1610 4961 ibatautemad
1619 4909 1677 4960 alins

901 5002 992 5051 animas
1001 5002 1026 5050 in
1034 5001 1138 5051 Erebum
1147 5004 1294 5050 mortuorum
1302 4999 1476 5050 detunctorum.

901 5089 936 5140 tbi
952 5093 1032 5139 nmen
1051 5100 1091 5137 ιιιε
1105 5087 1314 5139 allocutustuisset
1328 5085 1563 5151 quanquam-iratus,
1577 5087 1619 5134 eut
1631 5095 1675 5146 ego

902 5179 980 5242 ipsum
988 5174 1005 5239 ,]
1015 5175 1058 5226 sed
1066 5175 1125 5226 mibi
1136 5175 1229 5226 volebat
1238 5174 1332 5227 animus
1341 5175 1365 5225 in
1374 5178 1468 5239 pectore
1476 5185 1531 5223 caro

1568 5263 1595 5304 2ss
