3570 5932
165 423 220 476 tal
401 410 650 473 ΟΔΥΣΣΕΙΑΣ
676 414 709 472 Σ.

166 563 203 603 ιω
216 545 367 624 μνηστῆρας
376 543 421 601 καί
431 551 525 615 κεῖνον,
534 541 591 601 ἐπεί
600 564 629 599 κε
641 541 768 623 μέλαθρον
779 541 888 624 ὑπέλθῃ.
916 547 921 579 ¹

255 630 306 699 Ὣς
317 628 392 713 φάτο·
402 630 447 689 καί
458 629 566 697 σπείσας
576 629 647 688 έπιεν
660 630 785 707 μελιηδέα
797 622 873 691 οἶνον·

215 717 254 801 ddi
264 718 285 777 δΙ
296 723 322 778 έν
331 717 421 799 χερσίν
432 717 507 789 ἔθηκε
519 716 599 784 δέπας
608 716 753 798 κοσμήτορι
763 720 844 777 λαῶν.

211 805 324 888 diripi
337 810 371 885 βῆ
382 803 425 863 id
435 806 524 882 δῶμα,
535 804 608 886 φίλον
618 804 767 882 τετιημένος
776 797 849 887 ήτορ,

216 892 363 964 νευστάζων
374 896 483 975 κεφαλῇ·
497 892 528 964 δή
538 891 589 975 γδρ
599 893 681 951 κακὸν
690 893 783 952 ὄσσετο
793 893 880 973 θυμός.

164 1000 202 1042 tta
215 981 284 1042 'lii'
294 983 348 1040 οὔδ’
358 981 392 1049 ὣς
401 979 465 1063 φύγε
477 985 563 1062 Κῆρα·
573 979 670 1052 πέδησε
683 979 710 1040 δέ
720 981 817 1040 καὶτὸν
835 981 939 1055 Ἀθήνη,

215 1069 377 1183 Τηλεμάχου
387 1068 437 1127 tei
446 1068 522 1150 χερσὶ
531 1068 576 1127 καὶ
586 1060 707 1149 έγχεϊίφι
717 1070 841 1146 δαμῆναι.

212 1158 265 1240 'Ati
275 1159 296 1216 δ’
307 1182 379 1224 αυτις
389 1157 447 1215 κατ’
458 1157 490 1238 ἀρ
501 1153 564 1226 ἵξετ’
576 1156 619 1215 ἐπὶ
628 1155 732 1238 θρόνου,
742 1156 811 1217 ένθεν
822 1157 927 1229 ἀνέστη.

254 1250 298 1325 Τῇ
309 1246 330 1303 δ’
341 1245 382 1328 ἀρ’
392 1244 437 1304 ἐπί
447 1245 522 1327 φρεσί
534 1248 598 1316 θῆκε
608 1243 654 1303 oei
663 1247 816 1323 γλαυκῶπις
831 1245 941 1319 Ἀθήνη,

216 1330 297 1415 κούρῃ
309 1331 445 1413 Ἰκαρίοιο,
454 1331 588 1414 περίφρονι
599 1331 782 1413 Πηνελοπείῃ,

162 1439 200 1479 tto
213 1419 391 1501 μνηστήρεσσι
400 1424 527 1501 φανῆναι,
537 1417 607 1486 ὅπως
615 1419 738 1479 πετάσειε
748 1419 867 1498 μάλιστα

213 1505 295 1584 θυμὸν
306 1506 463 1587 μνηστήρων
473 1504 511 1565 idi
521 1506 653 1585 τιμήεσσα
662 1505 763 1585 γένοιτο

216 1595 317 1672 μᾶλλον
326 1594 390 1676 πρὸς
398 1593 489 1662 πόσιός
498 1618 528 1652 τε
537 1594 583 1653 καλ
593 1593 660 1661 υἱέος
669 1592 686 1665 ῆ
696 1594 778 1675 πάρος
786 1584 841 1666 ήεν.

213 1682 329 1763 Ἀχρεῖσν
339 1682 361 1740 δ’
372 1681 528 1762 ἐγέλασσεν,
539 1681 600 1749 έπσς
608 1682 631 1741 τ’
642 1681 716 1764 ἔφατ’
726 1681 756 1740 έκ
772 1681 795 1740 τ’
807 1681 905 1760 δνόμαζ
933 1706 940 1719 ·

254 1769 410 1850 Εὐρυνόμη,
421 1767 501 1847 θυμός
511 1793 555 1846 μοι
565 1769 696 1842 ἔελδεται,
706 1768 761 1828 οὔτι
770 1772 853 1851 πάρος
863 1794 906 1849 γε,

161 1878 199 1918 τσο
213 1856 390 1940 μνηστήρεσσι
402 1862 529 1938 φανῆναι,
540 1856 742 1937 ἀπεχθομένοισί
751 1881 801 1939 περ
812 1857 906 1936 ἔμπης·

212 1944 288 2004 παιδί
299 1944 328 2004 δέ
336 1969 380 2003 κεν
392 1945 491 2022 είποιμι
501 1944 576 2018 έπσς,
585 1944 616 2004 τό
624 1969 655 2004 κε
664 1944 765 2027 κέρδιον
776 1945 832 2019 εἴη,

213 2032 252 2112 μή
262 2033 350 2092 πάντα
361 2037 523 2114 μνηστῆρσιν
534 2033 732 2115 ὑπερφιάλοισιν
742 2036 852 2112 ὁμιλεῖν,

212 2119 261 2180 οἵτ’
271 2112 300 2179 εθ
312 2123 359 2198 μὲν
371 2119 478 2266 {dicuat
487 2166 494 2192 ,
504 2124 592 2188 κακῶς
603 2122 625 2179 δ’
636 2120 724 2180 ὄπιθεν
734 2121 893 2204 φρονέουσιν.

252 2208 310 2280 Τήν
322 2211 343 2267 δ’
355 2233 371 2266 α
389 2210 412 2267 τ’
425 2207 566 2290 Εὐρυνόμη
575 2207 658 2287 ταμίη
668 2208 732 2290 πρδς
742 2214 822 2287 μῦθον
832 2208 926 2268 ἔειπεν·

161 2318 199 2358 170
207 2296 250 2357 ναί
260 2297 292 2368 δή
302 2296 386 2357 ταῦτά
395 2320 426 2378 γε
434 2297 536 2370 πάντα,
546 2295 634 2372 τέκος,
643 2296 818 2379 κατδμοῖραν
828 2297 919 2367 ἔειπες.

211 2385 281 2444 Ἀλλ’
290 2385 325 2443 ίθι
335 2385 381 2443 καί
391 2387 429 2467 σῷ
439 2384 514 2444 παιδί
525 2383 586 2453 ἔπος
595 2384 661 2466 φάο,
674 2385 736 2463 μηδ’
747 2384 880 2460 ἐπίκευθε,

210 2473 292 2555 χρῶτ’
302 2472 485 2556 ἀπονιψαμένη
492 2474 538 2533 καί
549 2473 710 2555 ἐπιχρίσασα
720 2474 839 2556 παρειάς·

211 2562 273 2640 μηδ
282 2559 351 2622 οὕτω
360 2560 494 2644 δακρθοισι
504 2560 656 2644 πεφυρμένη
667 2560 735 2644 ἀμφί
742 2561 867 2644 πρόςωπα

208 2649 293 2732 έρχευ·
304 2651 360 2710 ἐπεὶ
369 2651 460 2710 κάκιον
469 2650 629 2729 πενθήμεναι
641 2651 746 2732 ἀκριτσν
756 2650 815 2710 αἰεί.

158 2759 196 2799 Πσ
204 2737 274 2813 Ἤδη
285 2737 332 2817 μέν
341 2739 392 2822 γάρ
401 2762 441 2799 τοι
449 2748 512 2807 παῖς
520 2738 638 2813 τηλίκος,
648 2738 677 2797 ὃν
687 2736 718 2798 σὺ
729 2739 846 2818 μάλιστα

208 2831 265 2909 ήρῶ
275 2827 426 2886 ἀθανάτοισι
436 2826 606 2907 γενειήσαντα
617 2826 724 2886 ἰδέσθαι.

248 2915 307 2988 Τήν
318 2916 340 2974 δ’
350 2905 412 2974 αάτε
423 2915 556 2998 πρσςέειπε
566 2915 698 2998 περίφρων
708 2913 885 2990 Πηνελόπεια·

208 3001 364 3086 Εὐρυνόμη,
375 3001 412 3080 μὴ
422 3008 506 3061 ταῦτα
515 3001 653 3083 παραύδα,
664 3000 795 3080 κηδομένη
805 3027 865 3087 περ,

207 3091 288 3172 χρῶτ’
299 3090 486 3149 ἀπονίπτεσθαι
496 3090 542 3149 καί
552 3089 717 3171 ἐπιχρίεσθαι
728 3093 833 3173 ἀλοιφῇ·

158 3197 195 3236 [ευ
208 3172 320 3256 ἀγλαίην
329 3176 380 3258 γάρ
391 3175 478 3256 ἔμοιγε
489 3177 555 3252 θεολ,
565 3177 605 3237 τοί
615 3176 756 3255 Ὄλυμπον
766 3177 879 3259 ἔχουσιν,

208 3264 319 3337 ὤλεσαν,
330 3264 355 3333 ἐξ
365 3257 394 3324 οδ
404 3274 487 3332 κεῖνος
496 3265 543 3337 ida
555 3266 643 3344 κοίλῃς
654 3265 689 3323 ἐνὶ
700 3267 798 3339 νηυσίν.

208 3353 287 3413 'Atii
298 3378 341 3431 μοι
352 3352 484 3424 Αὐτονόην
494 3378 522 3411 τε
533 3354 577 3412 καὶ
589 3353 779 3430 Ἱπποδάμειαν
790 3354 887 3435 ἄνωχθι

209 3441 324 3518 ἐλθέμεν,
333 3441 400 3522 ὄφρα
410 3441 439 3498 κέ
449 3465 493 3519 μοι
503 3441 666 3522 παρστήετον
677 3445 703 3500 ἐν
713 3442 875 3523 μεγάροισιν·

209 3526 250 3599 οίη
262 3530 283 3586 δ’
296 3531 343 3586 οὐκ
353 3529 443 3605 εἴςειμι
454 3533 511 3606 μετ’
522 3528 622 3610 ἀνέρας·
634 3528 755 3605 αἰδέομαι
765 3530 824 3612 γάρ.

158 3635 194 3673 lus
245 3614 295 3683 Ὣς
305 3615 345 3697 ἀρ’
356 3615 413 3698 ἔφη·
423 3611 503 3697 γρηθς
514 3615 540 3675 δέ
552 3618 584 3674 δι’
596 3619 625 3675 ἐκ
636 3616 760 3699 μεγάροιο
772 3618 892 3697 βεόήκει,

208 3702 367 3782 ἀγγελέουσα
378 3705 477 3783 γυναιῖι
487 3704 532 3763 καί
542 3703 697 3786 ὀτρυνέουσα
708 3705 818 3765 νέεσθαι.

246 3790 320 3850 Ἔνθ’
333 3783 388 3850 αὖτ’
400 3793 457 3851 ἀλλ’
469 3793 557 3864 ἐνόησε
569 3791 615 3851 θεά
625 3796 775 3870 γλαυκῶπις
786 3794 888 3868 Ἀθήνη·

207 3876 288 3960 κου’ρῃ
299 3879 421 3960 Ἰκαρίοιο
431 3879 499 3938 κατά
509 3878 608 3957 γλυκὺν
618 3879 697 3939 ὕπνον
708 3881 806 3960 ἔχευεν.

208 3958 278 4026 Ebria
289 3968 310 4024 δ’
322 3971 512 4026 ἀνακλινθεῖσα·
524 3965 599 4025 λύθεν
610 3969 637 4025 δέ
647 3973 671 4026 οί
683 3969 750 4049 ἅψεα
760 3970 846 4029 πάντα

157 4074 194 4113 190
208 4056 286 4112 αὐτοῦ
298 4057 333 4113 ἐνί
343 4058 468 4137 κλιντῆρι·
479 4054 542 4121 τέως
553 4056 575 4112 δ’
586 4055 637 4136 ἀρα
648 4058 690 4114 δῖα
702 4057 784 4115 θεάων

208 4140 328 4223 ἀμόροτα
340 4145 410 4224 δῶρα
421 4142 505 4213 δίδου,
515 4141 557 4199 ίνα
569 4167 613 4219 μιν
626 4143 750 4216 θησαίατ’
760 4145 869 4224 Ἀχαιοί·

207 4227 300 4286 κάλλεϊ
310 4228 357 4306 μέν
367 4235 389 4288 οί
399 4234 491 4311 πρῶτα
501 4230 658 4310 προςόιπατα
669 4232 739 4291 καλά
749 4233 860 4314 κάθηρεν

207 4317 359 4399 ἀμόροσίῳ,
370 4316 416 4397 οἵῳ
426 4342 475 4399 περ
485 4318 638 4399 ἐϋστέφανος
650 4317 777 4401 Κυθέρεια

206 4404 323 4483 χρίεται,
335 4398 386 4463 εὖτ’
399 4405 428 4463 ἀν
439 4407 466 4485 ἴῃ
478 4406 598 4487 Χαρίτων
608 4407 686 4486 χορὸν
696 4407 841 4488 ἱμερόεντα·

157 4511 193 4548 ros
207 4491 253 4548 καί
262 4516 306 4569 μιν
319 4491 482 4574 μακροτέρην
493 4495 537 4552 καλ
547 4494 667 4553 πάσσονα
679 4501 755 4566 θῆκεν
766 4495 873 4554 ἰδέσθαι·

207 4579 361 4660 λευκοτέρην
373 4581 396 4637 δ’
406 4580 456 4659 ἀρα
467 4604 511 4657 μιν
523 4585 585 4651 θῆκε
595 4588 703 4662 πριστοῦ
715 4581 858 4663 ἐλέφαντος.

208 4666 243 4725 Ἡ
254 4666 301 4744 μὲν
311 4668 352 4749 ἀρ’
362 4669 396 4734 ὣς
407 4667 492 4749 έρξαό
503 4669 656 4740 ἀπεόήσατο
666 4672 708 4728 δῖα
719 4669 810 4728 θεάων.

247 4745 346 4813 Ἦλθον
357 4755 378 4813 δ’
389 4753 533 4835 ἀμφίπολοι
542 4755 696 4815 λευκώλενοι
707 4761 736 4816 ἐκ
746 4755 887 4836 μεγάροιο,

209 4839 312 4923 φθόγγῳ
323 4842 504 4924 ἐπερχόμεναι·
514 4842 561 4916 τήν
572 4843 599 4902 δέ
609 4845 704 4924 γλυκὺς
714 4845 791 4912 θπνος
801 4848 906 4919 ἀνῆκεν,

156 4949 196 4988 200
209 4930 254 4988 καί
265 4933 286 5010 ῥ’
298 4931 463 5012 ἀπομόρξατο
472 4956 491 5011 χ
493 4933 547 5014 ερσὶ
557 4933 665 5014 παρειάς
675 4932 792 5014 φώνησέν
802 4958 838 4992 τε·

249 5009 287 5076 Ἦ
294 5042 326 5094 με
334 5020 529 5095 μάλάἷνοπαθῆ
537 5021 655 5099 μαλακὸν
661 5021 794 5102 περίκῶμ’
801 5020 938 5101 ἐκάλυψεν·

208 5104 264 5163 αἴθε
274 5129 318 5183 μοι
328 5106 361 5173 ὣς
373 5108 491 5183 μαλακὸν
501 5108 610 5166 θάνατον
620 5109 695 5190 πόροι
705 5106 826 5190 Ἄρτεμις
836 5107 918 5188 ἁγνή,

211 5193 306 5252 αὐτίκα
316 5199 369 5266 νῦν,
378 5193 421 5252 ἵνα
433 5195 524 5272 μηκέτ’
533 5195 675 5278 ὀδυρομένη
686 5195 755 5255 κατά
765 5196 845 5274 θυμὸν

1195 412 1408 474 ODYSSEAE
1431 413 1564 477 xviri.

984 555 1069 607 prooos
1077 547 1103 594 et
1111 543 1193 605 iilum,
1202 549 1331 608 postquam
1339 544 1438 596 δσπιυαν
1448 545 1561 596 subierit.

1014 632 1053 681 Sic
1061 632 1122 681 dixit
1133 648 1139 680 :
1149 637 1174 682 et
1183 632 1368 684 uhodone-lacta
1376 633 1440 683 bibit
1448 634 1521 684 duloe
1531 635 1629 695 vinum

984 719 1120 784 iterumque
1129 721 1154 770 in
1163 720 1274 770 manibus
1283 722 1364 786 posuit
1372 722 1488 786 ροουίιιαν
1497 723 1601 787 principi
1612 723 1720 773 uirorum.

984 811 1074 857 verum
1083 809 1105 858 is
1113 809 1157 857 ivit
1165 823 1207 872 per
1215 807 1328 870 domum,
1338 823 1394 859 caro
1402 810 1507 860 mean
1517 810 1604 871 corde,

983 900 1072 945 nuans
1081 897 1158 959 capito
1165 913 1172 957 ;
1180 897 1230 960 jam
1239 898 1303 947 enim
1312 897 1403 947 maium
1413 902 1437 948 ci
1447 899 1615 960 augurabatur
1624 900 1720 950 animas.

984 983 1115 1047 Sedneque
1122 983 1742 1050 siobrgitmortemmmpsdiritveroethuncldirmra

984 1071 1118 1121 Telemachi
1128 1072 1174 1122 sub
1183 1073 1295 1123 manibus
1304 1078 1330 1123 et
1338 1074 1409 1123 basta
1418 1075 1512 1124 sortiter
1521 1074 1710 1125 utdomamtur.

983 1162 1074 1209 lterum
1083 1173 1141 1210 vem
1150 1159 1240 1210 resedit
1248 1161 1273 1211 in
1282 1161 1357 1223 solio,
1367 1161 1431 1213 unde
1441 1167 1589 1213 surrexerat

1015 1247 1051 1296 lili
1061 1251 1142 1296 autern
1151 1248 1176 1298 in
1185 1253 1267 1299 mente
1275 1250 1357 1313 posuit
1365 1249 1411 1299 dea
1419 1250 1718 1312 aerisonum-trinam,

983 1335 1039 1385 lilim
1047 1337 1131 1398 Icarii,
1141 1337 1254 1400 prudenti
1262 1338 1403 1402 Penelopa,

983 1424 1061 1486 procia
1071 1425 1249 1489 seostendoro,
1258 1430 1286 1476 nt
1294 1426 1439 1477 diffunderet
1449 1427 1640 1490 (exhilararet)
1651 1429 1740 1478 mariue

982 1513 1089 1562 animum
1098 1526 1239 1576 procorum,
1249 1518 1275 1564 et
1284 1515 1399 1565 honorata
1407 1516 1477 1565 tieret

982 1601 1058 1662 magis
1067 1601 1166 1665 viroque
1175 1606 1200 1651 et
1209 1601 1271 1664 lilio,
1281 1616 1355 1666 quarn
1364 1608 1435 1653 autea
1444 1608 1506 1653 erat.

983 1690 1087 1738 lnamtsr
1096 1693 1179 1739 autem
1188 1691 1254 1752 risit,
1264 1691 1414 1754 verbumque
1422 1691 1518 1741 diriter
1526 1691 1678 1742 elocutaest
1688 1707 1694 1740 ε

1013 1779 1162 1839 Eurynome,
1170 1777 1418 1842 animusmiiricupit,
1426 1780 1758 1844 naquaquamanteaquidm,

982 1865 1060 1929 procis
1069 1865 1255 1926 meostendere‚
1265 1866 1349 1916 invisis
1358 1867 1414 1917 boet
1421 1868 1520 1916 omnino
1531 1883 1538 1916 :

982 1952 1031 2001 iilio
1040 1966 1097 2002 veru
1106 1953 1186 2003 dicam
1195 1954 1310 2016 verbum,
1320 1953 1386 2018 quod
1395 1954 1479 2004 utilius
1488 1955 1578 2016 inerit,

983 2055 1013 2090 ne
1022 2041 1092 2104 plane
1100 2041 1179 2104 proris
1188 2040 1365 2105 cum-superbis
1373 2046 1496 2104 vetetur,

982 2129 1024 2192 qui
1034 2129 1095 2179 bene
1103 2129 1202 2192 quidem
1211 2129 1352 2193 loquuntur,
1362 2129 1425 2180 male
1434 2133 1516 2180 autem
1526 2143 1592 2194 pone
1601 2132 1717 2194 oogitmt

1013 2220 1166 2267 llancautem
1170 2217 1758 2280 rursusEurynomeoeoonomadiauerbisallocnta

982 2308 1020 2354 est
1031 2305 1048 2368 :]
1056 2319 1095 2355 nm
1102 2306 1152 2368 jam
1162 2306 1215 2356 baec
1223 2305 1321 2369 quidem
1330 2306 1423 2367 omnia,
1433 2306 1496 2367 tilia,
1506 2307 1623 2370 apposite
1631 2306 1719 2358 dixisti.

982 2392 1313 2454 sodi,ett110tiliorerhum
1322 2392 1374 2454 dic,
1385 2393 1506 2455 mucela,

982 2494 1070 2544 oorpus
1078 2481 1320 2544 quum-tibi·iaveris,
1330 2485 1356 2531 et
1364 2482 1462 2531 unxeris
1470 2494 1545 2544 genas
1557 2497 1565 2530 :

982 2581 1029 2618 neu
1039 2569 1074 2618 sic
1083 2569 1187 2619 lacrimis
1196 2569 1286 2618 imdata
1294 2570 1358 2619 circa
1367 2569 1453 2619 taciem

982 2656 1043 2707 vade
1054 2672 1060 2706 :
1071 2659 1185 2721 quoniam
1194 2657 1283 2707 malum
1293 2661 1330 2707 est
1338 2658 1418 2720 lugere
1429 2657 1523 2708 inlinite
1532 2671 1642 2722 semper,

982 2747 1076 2796 Etenim
1084 2747 1134 2808 jam
1143 2745 1241 2809 quidem
1250 2746 1294 2795 tibi
1304 2745 1368 2795 tibus
1375 2750 1484 2796 metata
1490 2750 1541 2802 est,
1551 2761 1631 2810 quem
1637 2753 1665 2796 tn
1672 2747 1754 2797 maxine
1784 2765 1785 2788 1

983 2834 1135 2898 supplicabas
1145 2833 1321 2884 immortalibus
1330 2834 1492 2897 inpubertate
1501 2833 1596 2884 videre.

1014 2926 1084 2973 Eune
1093 2927 1173 2973 autem
1183 2936 1269 2973 rursus
1276 2923 1424 2972 allocutaest
1433 2921 1540 2985 prodens
1550 2923 1673 2987 Pmelope
1683 2937 1690 2972 z

982 3014 1130 3074 Eurynome,
1140 3025 1171 3061 ne
1180 3012 1233 3061 baec
1242 3010 1358 3072 suadeas,
1369 3010 1471 3060 sillidta
1478 3008 1553 3072 licet,

982 3113 1070 3163 oorpus
1078 3099 1276 3160 etmihi-lavem,
1285 3103 1311 3150 et
1319 3111 1360 3149 me
1368 3111 1456 3160 ungam
1465 3102 1593 3160 unguento
1604 3114 1611 3147 :

981 3186 1093 3237 decorem
1101 3188 1165 3238 euim
1175 3187 1233 3238 mibi
1243 3186 1290 3249 dii,
1300 3187 1342 3250 qui
1352 3186 1481 3249 olympum
1491 3185 1621 3247 habitant,

982 3276 1148 3339 perdiderunt,
1159 3290 1188 3325 ex
1197 3290 1246 3339 quo
1256 3275 1294 3324 ille
1304 3275 1377 3324 abivit
1386 3274 1452 3323 cavis
1462 3275 1486 3323 in
1496 3275 1611 3324 nauibus.

982 3363 1029 3414 Sed
1038 3364 1096 3412 milii
1106 3368 1279 3426 Autonoenquc
1290 3367 1314 3412 et
1325 3362 1506 3425 Hippodamiam
1514 3362 1575 3424 jube

982 3452 1076 3512 venire,
1086 3457 1114 3501 ut
1123 3453 1182 3500 milri
1193 3453 1305 3501 astantia
1315 3451 1408 3500 adius
1419 3466 1426 3499 :

982 3541 1032 3590 sola
1042 3553 1098 3589 vero
1107 3554 1155 3589 non
1166 3539 1259 3588 intrabo
1269 3541 1330 3588 inter
1340 3540 1417 3599 siros3
1428 3537 1578 3587 verecundor
1589 3539 1663 3587 enim.

1013 3627 1192 3689 sicigiturdixit
1199 3643 1204 3675 :
1211 3627 1379 3676 vetulaautem
1387 3640 1429 3689 per
1436 3626 1536 3674 domum
1545 3625 1752 3681 transmiserim,

981 3717 1119 3766 nuntiatura
1129 3716 1184 3765 boec
1193 3715 1346 3775 mulieribus,
1358 3719 1383 3763 et
1392 3715 1516 3762 irortatura
1526 3713 1686 3762 ad-eundum.

1013 3809 1075 3854 Tum
1084 3818 1169 3853 rursus
1179 3804 1244 3852 aliud
1254 3803 1367 3864 cogitavit
1376 3802 1420 3851 dea
1430 3801 1594 3851 casis-oculis
1604 3803 1724 3852 Minerua:

982 3893 1037 3942 filiae
1046 3893 1114 3942 Icarii
1125 3892 1220 3941 dulcem
1230 3905 1341 3940 somnum
1351 3890 1447 3939 infudit.

982 3982 1119 4030 Dormiebat
1129 3994 1186 4029 vero
1193 3994 1222 4028 co
1230 3979 1342 4028 reclinata
1349 3995 1357 4038 ε
1365 3979 1564 4040 solutaquesunt
1571 3978 1594 4026 ei
1608 3981 1678 4027 artas
1688 3991 1757 4026 omues

982 4069 1070 4118 ibidem
1078 4069 1102 4117 in
1109 4068 1320 4130 lectorepositorio
1329 4083 1335 4115 ε
1344 4067 1439 4115 interim
1445 4078 1503 4113 vero
1510 4065 1664 4115 nobilissima
1672 4066 1758 4116 deamat

982 4157 1125 4206 immortalia
1134 4156 1196 4204 dona
1206 4155 1290 4214 dabat,
1301 4158 1330 4202 ut
1339 4155 1415 4216 ipsam
1424 4153 1603 4202 admirarentur
1613 4154 1698 4203 Achiui
1713 4168 1719 4200 :

982 4244 1142 4308 pulcritudine
1151 4243 1248 4307 quidem
1257 4244 1279 4292 ei
1289 4242 1392 4305 primum
1402 4241 1484 4289 vuitus
1495 4241 1593 4303 pulcros
1604 4243 1718 4305 eapioliuit

982 4331 1073 4390 divina,
1083 4330 1147 4393 quali
1157 4329 1254 4392 quidem
1265 4329 1471 4392 pulcre-coronata
1480 4329 1604 4390 cytherea

982 4421 1089 4481 ungitur,
1100 4432 1175 4481 quum
1185 4417 1235 4466 adit
1245 4418 1382 4468 Gratiarum
1391 4418 1491 4465 oliorum
1501 4417 1646 4480 amabilem

982 4511 1007 4557 et
1015 4509 1092 4570 ipsam
1101 4507 1259 4569 proceriorem
1269 4509 1294 4553 et
1303 4505 1443 4553 habiliorem
1453 4504 1558 4553 reddidit
1567 4511 1671 4567 aspectu
1679 4522 1687 4566 ;

982 4595 1143 4645 candidiorem
1153 4599 1233 4644 autem
1243 4595 1319 4657 ipsam
1329 4594 1385 4642 iecit
1395 4597 1461 4642 secto
1470 4592 1551 4641 ebore.

982 4689 1061 4746 Atque
1071 4685 1104 4732 ita
1113 4683 1310 4746 quum-iecisset,
1322 4682 1381 4730 abiit
1391 4681 1538 4729 nobilissima
1547 4679 1661 4729 dearum.

1013 4776 1136 4820 Venerunt
1144 4775 1225 4819 autern
1236 4769 1330 4818 iaruulae
1339 4768 1519 4818 candidis-uinis
1528 4782 1558 4816 ex
1567 4768 1657 4828 domo,

982 4860 1150 4923 cum-strepitu
1160 4858 1313 4908 aduenientes
1324 4873 1329 4905 :
1341 4859 1402 4906 lianc
1412 4861 1491 4905 autem
1502 4855 1582 4904 dulcis
1592 4870 1694 4905 somnus
1701 4854 1756 4904 dni·

982 4949 1014 4998 sit
1020 4948 1036 5011 5]
1046 4953 1072 4998 et
1080 4948 1250 4998 abstersit-sibi
1261 4947 1371 4996 manibus
1380 4959 1465 5007 genas,
1475 4948 1501 4993 et
1511 4943 1641 4993 loeutaest
1653 4959 1659 4992 ε

1014 5041 1085 5087 certe
1095 5035 1211 5085 meraldo
1221 5048 1380 5084 ecrrunnosam
1389 5033 1467 5082 mollis
1477 5046 1549 5094 sopor
1558 5033 1684 5094 cooperuit
1694 5047 1700 5080 ε

981 5126 1073 5174 utinam
1083 5126 1141 5174 mihi
1151 5126 1186 5174 sic
1195 5124 1291 5173 mollem
1301 5126 1402 5172 mortem
1411 5120 1478 5170 dnrct
1488 5121 1564 5169 Diana
1573 5124 1640 5170 casta

982 5215 1064 5264 statim
1072 5227 1150 5275 nunc,
1160 5217 1188 5262 ut
1197 5212 1339 5276 neamplius
1348 5211 1431 5273 lugeas
1440 5210 1464 5259 in
1473 5209 1554 5259 animo
