3570 5932
585 717 1131 861 PRAEFATIO.

688 1054 1077 1088 ..w

172 1373 377 1476 lncrrrun
400 1408 584 1486 nostrum,
601 1418 677 1493 quo
701 1396 810 1493 primi
823 1396 862 1465 in
881 1392 994 1465 Gallia
1014 1394 1158 1465 Grcecos
1179 1393 1373 1492 scriptores
1395 1395 1433 1463 in
1458 1396 1566 1465 unius

172 1515 318 1611 corporis
339 1509 616 1608 aequabilitatem
647 1508 808 1608 redigere
832 1511 987 1608 aggressi
1018 1532 1164 1598 sumus,
1190 1505 1505 1580 commendatione
1531 1523 1569 1582 et

173 1631 252 1699 notis
268 1625 522 1726 praelauonum
536 1625 676 1697 artibus
690 1649 794 1723 egere
804 1648 880 1696 non
892 1620 1053 1713 videtum
1070 1622 1133 1696 sed
1146 1626 1271 1722 paucis
1284 1620 1479 1695 dicendum
1496 1636 1566 1707 est,

174 1741 255 1813 unde
272 1765 314 1813 ea
328 1764 440 1838 quam
458 1739 632 1838 elegimus
648 1738 779 1812 edendi
793 1741 886 1811 ratio
901 1736 1067 1837 pendeat.
1086 1736 1237 1810 Dudum
1256 1761 1348 1836 aegre
1369 1736 1567 1809 tuleramus

175 1854 257 1950 quod
271 1869 327 1926 tot
340 1858 560 1953 scriptorum
577 1853 752 1927 editiones
766 1849 949 1926 veteribus
966 1854 1160 1950 inquinatae
1176 1854 1273 1923 vitiis
1288 1850 1568 1949 urigocircum·

177 1968 340 2042 leuentur
365 1983 476 2066 atque
497 1968 587 2040 adeo
607 1972 735 2067 saepius
754 1981 1018 2066 repeterentur,
1040 1967 1128 2038 dum
1141 1981 1333 2040 exstarent
1353 1965 1566 2040 eorumdem

179 2089 379 2184 scriptorum
403 2081 601 2156 emendatae
625 2098 662 2154 et
687 2106 708 2154 a
730 2086 883 2153 summis
906 2085 1039 2155 criticis
1063 2086 1214 2180 antiquo
1236 2085 1346 2153 nitori
1368 2086 1567 2155 restitutae:

176 2224 279 2271 annon
304 2201 470 2297 oportuit
491 2196 637 2268 illorum
661 2201 908 2296 ingeniorum,
926 2222 1007 2296 quae
1030 2200 1161 2297 optimi
1186 2199 1326 2295 quique
1348 2202 1566 2269 nostratium

174 2312 324 2385 laudibus
339 2326 375 2383 et
390 2314 592 2382 imitatione
605 2310 850 2400 celebrarunt,
867 2335 977 2410 opera
996 2310 1235 2411 popularibus
1252 2314 1385 2382 nostris
1404 2310 1567 2384 exbiberi

173 2453 265 2527 pura,
282 2425 488 2517 emendata,
503 2441 684 2524 quantum
705 2424 785 2499 fieri
805 2440 927 2527 potest
944 2425 1059 2499 libera
1080 2452 1102 2498 a
1122 2425 1378 2526 depravatione
1393 2424 1568 2497 barbaria,

172 2568 269 2639 quam
293 2542 532 2615 transierant?
547 2547 625 2613 Hoc
649 2544 760 2639 igitur
778 2544 940 2641 primum
964 2557 1001 2615 et
1019 2546 1199 2642 praecipue
1217 2567 1403 2634 curamus,
1428 2557 1472 2614 ut
1492 2568 1568 2615 non

173 2657 278 2729 solum
301 2682 345 2729 ex
367 2659 515 2755 optimis
534 2682 614 2753 quae
635 2668 777 2727 exstant
797 2654 1017 2728 editionibus
1039 2659 1259 2754 scriptorum
1277 2659 1433 2753 quisque
1454 2661 1570 2756 expri-

171 2787 290 2862 matur,
310 2770 374 2844 sed
388 2771 521 2843 harum
535 2775 643 2844 etiam
659 2770 793 2844 multas
808 2772 940 2843 criticis
957 2767 1200 2843 celeberrimis
1217 2768 1431 2842 tradidimus
1447 2768 1569 2843 denuo

169 2885 414 2958 examinandas
429 2900 467 2957 et
479 2883 738 2975 emendandas;
754 2900 940 2985 praeterca,
959 2885 1184 2983 ubicumque
1204 2910 1261 2958 res
1277 2886 1421 2959 videtur
1438 2900 1567 2985 postn-

169 3000 250 3093 larc,
262 3004 379 3097 Regiae
394 2998 624 3072 Bibliothecae
639 3005 905 3100 manuscriptos
918 3004 1012 3072 imus
1025 3001 1244 3073 consultum.
1257 3000 1377 3074 Altera
1394 3026 1481 3074 cura
1496 3016 1569 3089 est,

168 3129 205 3187 ut
222 3113 266 3187 ad
285 3113 557 3212 intelligentiam
578 3140 728 3212 quoque
750 3119 970 3215 scriptorum
992 3121 1030 3186 in
1049 3115 1268 3190 Collectione
1287 3131 1411 3189 nostra
1426 3132 1569 3215 pneste·

168 3238 241 3303 mut
253 3228 354 3327 quod
371 3233 487 3330 prosit
504 3234 724 3328 unicuique:
746 3255 863 3329 quum
884 3234 979 3302 enim
999 3229 1185 3303 adnotatio
1204 3231 1260 3303 vel
1278 3236 1567 3331 praestantissima

168 3368 206 3415 cx
227 3343 376 3416 arbitrio
397 3341 554 3441 denique
573 3343 730 3442 pendeat
750 3349 1063 3436 commentatoris,
1087 3350 1147 3418 cui
1170 3345 1277 3445 plana
1299 3371 1565 3443 nonnunquam

170 3458 383 3532 videbuntur
402 3484 483 3556 quae
506 3459 584 3531 aliis
604 3459 774 3549 obscura,
793 3462 1101 3556 citterpretattbnes
1121 3461 1256 3532 latrinas
1275 3486 1296 3533 e
1314 3465 1460 3558 regione
1481 3486 1568 3559 grae·

170 3597 286 3646 corum
311 3599 447 3673 ponere
469 3572 710 3665 decrevimus,
732 3588 862 3673 utpote
883 3600 964 3671 quae
990 3599 1140 3674 prorsus
1162 3579 1285 3648 omnia
1308 3573 1474 3665 reddant,
1491 3601 1567 3647 non

171 3685 257 3760 locos
284 3686 436 3759 selectos
465 3686 655 3759 illustrent.
688 3693 760 3761 Has
784 3713 887 3776 vero,
910 3704 1105 3786 antequam
1134 3689 1326 3762 tradantur
1351 3689 1568 3789 typothetis,

172 3801 359 3875 doctissimi
375 3805 442 3874 viri
458 3828 582 3875 severo
602 3808 758 3877 examini
778 3804 958 3902 subjectas
974 3819 1142 3877 accurate
1160 3809 1362 3902 corrigunt;
1379 3805 1571 3877 nonnullo·

171 3942 241 3989 rum
261 3920 483 4018 scriptorum
501 3919 608 4018 plane
627 3944 730 3991 novae
747 3934 934 4019 parantur.
953 3922 1118 4016 Denique
1136 3919 1293 3992 multum
1315 3926 1439 4018 augeri
1460 3916 1566 4019 puta·

171 4033 279 4104 vimus
309 4029 511 4104 editionum
538 4047 744 4107 nostrarum
773 4033 983 4126 utilitatem,
1006 4038 1037 4107 si
1066 4033 1156 4106 boni
1181 4061 1296 4107 rernm
1319 4039 1568 4132 nomt'ruunqnc

170 4144 293 4218 indices
311 4143 548 4238 adderentur;
565 4173 650 4220 nam
669 4148 724 4222 vel
741 4152 768 4221 ii
785 4154 850 4248 qui
868 4152 1084 4247 scriptorem
1101 4149 1258 4247 aliquem
1277 4175 1370 4250 saepe
1386 4151 1568 4248 legerunt,

171 4283 428 4356 nonnunquam
448 4258 547 4332 haud
568 4265 655 4333 satis
676 4266 874 4335 meminere
892 4265 1025 4362 quoin
1045 4263 1139 4337 libro
1155 4265 1232 4361 ejus
1252 4290 1371 4362 quove
1387 4287 1494 4335 versu
1513 4263 1568 4336 vel

170 4377 278 4473 capite
309 4387 475 4445 narretur
502 4400 561 4447 res
586 4400 661 4473 qua
688 4401 782 4477 opus
810 4375 958 4450 babent.
986 4381 1155 4450 Ceterum
1184 4378 1230 4451 de
1256 4403 1343 4451 cura
1369 4380 1569 4474 unicuique

168 4492 326 4588 scriptori
342 4492 506 4588 impensa
521 4486 696 4562 referetur
712 4495 750 4586 in
766 4489 1048 4591 praelationibus.

209 4608 376 4694 Hoerner,
393 4617 436 4674 ut
453 4629 551 4676 nunc
574 4629 630 4676 res
656 4621 761 4695 suut,
786 4607 966 4701 Wolfiana
988 4606 1066 4680 dari
1085 4606 1241 4681 debebat
1257 4614 1438 4705 recensio,
1456 4639 1568 4713 quam

166 4742 204 4787 ex
225 4717 397 4790 Gulielmi
416 4717 595 4791 Dindorfii
618 4719 775 4793 editione
790 4736 957 4795 accurate
972 4728 1223 4822 expressimus.
1249 4729 1569 4825 Interpretationes

164 4830 293 4923 latiam,
311 4831 412 4906 bono
427 4849 470 4905 ut
486 4835 592 4907 nobis
605 4834 749 4908 videtur
768 4837 934 4927 consilio,
948 4841 986 4907 in
1005 4835 1076 4909 hoc
1096 4840 1349 4934 antiquissimo
1365 4858 1473 4942 poeta
1490 4871 1569 4916 vcr-

162 4947 249 5019 bum
262 4948 376 5021 verbo
392 4948 564 5039 reddunt,
578 4956 646 5023 nisi
657 4952 757 5050 quod
771 4978 863 5053 saepe
876 4965 1015 5027 comtas
1030 4956 1272 5051 posteriorum
1288 4982 1388 5031 more
1402 4961 1571 5058 periodos

162 5066 347 5160 ingerunt,
365 5065 657 5163 oppositionibus
678 5066 907 5154 distinentes,
931 5066 1134 5139 causalibus
1154 5071 1337 5167 particulis
1356 5077 1567 5166 vincientes,

162 5201 239 5273 quae
256 5176 355 5278 apud
376 5177 479 5252 illum
499 5183 656 5278 ingenue
673 5196 710 5255 et
729 5181 842 5256 libere
862 5181 1077 5283 procedunt.
1100 5188 1272 5261 Praeterea
1290 5193 1375 5288 ipsis
1393 5190 1569 5266 inhaerent
