3570 5932
352 408 529 468 inituim:
549 410 584 468 Η.

132 539 247 620 πύργους
256 538 383 619 ὑψηλοὺς,
393 532 466 622 εἶλαρ
474 545 541 613 νηῶν
550 565 578 600 τε
587 542 632 600 καλ
641 545 734 601 αὐτῶν·

132 630 159 686 ἐν
169 628 192 684 δ’
202 629 307 685 αιίτοῖσι
314 627 399 692 πύλας
407 626 548 704 ποιήσομεν
558 620 587 687 εδ
595 628 732 711 ἀραρυίας,

90 734 123 774 tto
132 714 198 795 ὄφρα
208 715 241 771 δι’
253 712 358 773 αὐτάων
365 714 511 786 ἱππηλασίη
521 714 578 782 ὁδὸς
587 716 636 787 εἴη·

134 801 253 860 ἀκτοσθεν
264 800 292 858 δὲ
304 805 410 879 βαθεῖαν
419 800 541 882 ὀρύξομεν
550 800 637 880 ἐγγύθι
646 799 756 882 τάφρον,

135 888 186 968 ἧχ’
195 887 292 954 ἵππους
302 887 347 946 καὶ
355 888 419 947 λαδν
428 889 547 971 ἐρυκάκοι
557 889 637 970 ἀμφὶς
645 893 736 960 ἐοῦσα,

137 977 229 1055 μήποτ’
240 975 364 1056 ἐπιόρέση
372 976 484 1053 πόλεμος
493 975 592 1058 Τρώων
601 973 751 1057 ἀγερώχων.

171 1063 220 1131 Ὦς
229 1063 314 1145 ἔφαθ’·
324 1068 349 1122 οἱ
358 1065 380 1122 δ’
391 1063 441 1144 ἀρα
451 1063 546 1130 πάντες
555 1063 688 1142 ἐπῄνησαν
699 1062 830 1140 βασιλῆες.

106 1172 134 1212 tu
141 1149 232 1234 Τρώων
242 1143 300 1209 αὖτ’
311 1150 392 1233 ἀγορή
403 1151 483 1229 γένετι
494 1150 572 1211 Ἰλίου
582 1155 609 1210 ε’ν
617 1149 692 1208 πόλει
702 1148 785 1230 ἄκρη,

138 1236 213 1308 δεινή,
222 1246 381 1319 τετρηχυῖα,
391 1235 463 1320 παρά
473 1237 603 1318 Πριάμοιο
611 1235 725 1318 θύρῃσιν.

141 1327 222 1385 Τοῖσιν
232 1327 256 1383 δ’
267 1327 395 1406 Ἀντήνωρ
404 1324 565 1402 σεσωμένος
573 1317 633 1406 ἦρχ’
643 1321 783 1404 ἀγορεύειν·

172 1411 293 1472 Κέκλυτέ
303 1437 360 1490 μευ,
371 1416 459 1492 Τρῶες
467 1412 513 1471 καὶ
520 1411 649 1494 Δάρδανοι
659 1413 700 1482 ἠδ’
712 1409 852 1488 ἀπέκουροι,

139 1501 187 1580 ὄφρ’
197 1500 265 1558 εἴπω
274 1501 309 1558 τά
318 1524 352 1577 με
361 1499 440 1577 θυμὸς
448 1499 485 1558 tvl
495 1499 616 1570 στήθεσσι
626 1497 734 1557 κελεύει.

107 1606 132 1647 ιο
140 1589 206 1647 lete
217 1586 302 1665 ἄγετ’,
310 1586 427 1668 Ἀργείην
436 1585 545 1657 Ἑλένην
554 1584 599 1644 καλ
608 1585 720 1663 κτήμαθ’
729 1583 774 1662 ἀμ’
783 1585 850 1663 αὐτῇ

140 1675 231 1752 θύομεν
240 1673 400 1754 Ἀτρείδῃσιν
411 1672 491 1753 ἀγειν·
501 1678 545 1731 νῦν
555 1673 577 1730 δ’
587 1671 661 1754 ὅρκια
674 1669 755 1730 πιατδ

139 1762 288 1842 ἀεναάμενοι
298 1761 463 1840 μαχόμεσθα·
473 1764 511 1841 τῷ
519 1758 548 1818 ού
559 1758 589 1816 νύ
597 1783 623 1817 τι
632 1758 732 1840 κέρδιον
740 1751 812 1836 ῆμιν.

139 1848 257 1927 [ἔλπομαι
267 1846 444 1918 ἐκτελέεσθαι,
454 1845 497 1905 ἵνα
507 1844 544 1924 μή
556 1845 659 1927 ῥέξομεν
667 1837 739 1924 ὧδε]

169 1933 246 1995 Ἤτοι
256 1933 296 2013 ὅγ’
306 1934 340 2000 ὣς
349 1933 429 1993 εἰπών
437 1935 495 1992 κατ’
506 1933 546 2016 ἀρ’
553 1933 631 2002 ἕζετο.
642 1937 719 1993 Τοῖσι
729 1934 751 1991 δ’
757 1930 851 1998 ἀνέστη

104 2040 130 2080 οι
138 2023 182 2088 δῖος
191 2021 369 2104 Ἀλέξανδρος,
380 2020 489 2093 Ἑλένης
496 2019 571 2087 πόσις
580 2019 713 2098 ἠϋκόμοιο·

137 2109 208 2188 όςμιν
218 2108 392 2187 ἀμειόόμενος
400 2108 464 2167 έπεα
472 2107 613 2189 πτερόεντα
622 2106 762 2190 προςηύδα·

166 2196 299 2278 Ἀντῆνορ,
308 2195 339 2255 σὺ
346 2194 393 2274 μέν
401 2195 484 2255 οὐκέτ’
491 2195 549 2273 ἐμοὶ
558 2195 620 2278 φέλα
629 2197 703 2254 ταῦτ’
713 2193 851 2278 ἀγορεύεις·

136 2274 201 2343 εἶσθα
211 2284 260 2342 καὶ
270 2283 349 2343 άλλον
359 2289 439 2360 μῦθον
449 2282 570 2359 ἀμείνονα
579 2285 654 2342 τοῦδε
663 2287 762 2354 νοῆσαι.

136 2373 195 2431 Ηδ
208 2371 283 2430 ἀτιδν
292 2368 324 2442 δή
334 2376 424 2430 τοῦτον
434 2370 486 2429 ἀπὸ
495 2371 608 2440 σπουδῆς
617 2368 760 2451 ἀγορεύεις,

100 2475 127 2516 tn
134 2456 156 2525 έξ
162 2457 214 2538 ἀρα
224 2457 259 2528 δή
267 2480 309 2515 τοι
319 2456 408 2515 ἔπειτα
419 2456 470 2516 θεολ
479 2457 572 2538 φρένας
580 2455 681 2514 ὤλεσαν
690 2454 773 2514 αὐτοέ.

134 2541 220 2624 Antip
229 2542 284 2622 ἐγὼ
292 2542 412 2625 Τρώεσσι
423 2546 479 2621 μεθ’
491 2541 649 2620 ἱπποδάμοις
658 2541 798 2622 ἀγορεύων·

133 2628 234 2711 inrupi
244 2632 268 2689 δ’
279 2630 413 2712 ἀπόφημι,
422 2639 533 2709 γυναῖκα
544 2629 591 2708 μὲν
600 2632 647 2690 οὐκ
656 2628 792 2688 ἀποδώσω·

135 2717 252 2794 κτήματα
263 2718 287 2775 δ’
297 2715 353 2775 όσσ’
364 2716 466 2796 ἀγόμην
476 2716 502 2786 ἐξ
511 2716 615 2799 Ἄργεος
624 2714 748 2798 ἡμέτερον
758 2719 808 2791 δῶ,

138 2803 200 2862 τάπ’
212 2802 295 2863 ἐθέλω
303 2803 410 2881 δόμεναι
419 2804 464 2863 καλ
472 2804 507 2864 ἔτ’
517 2804 615 2864 οἴκοθεν
625 2805 683 2864 ἀλλ’
694 2807 825 2865 ἐπιθεῖναι.

102 2910 129 2948 αι
164 2887 243 2952 Ἤτοι
252 2889 293 2969 ὅγ’
303 2891 337 2958 διε
347 2890 426 2950 εἰπὼν
435 2893 494 2950 κατ’
504 2892 545 2972 ἀφ’
555 2891 633 2960 ἕζετο.
643 2894 720 2952 Τοῖσι
729 2894 751 2950 δ’
757 2892 850 2965 ἀνέστη

135 2977 292 3060 Δαρδανίδης
300 2976 434 3058 Πρίαμος,
445 2975 530 3059 θεόφιν
541 2977 648 3059 μήστωρ
659 2980 811 3045 ἀτάλαντος·

135 3062 148 3121 ό
152 3086 209 3146 σφιν
219 3064 361 3146 ἐϋφρονέων
370 3063 517 3147 ἀγορήσατο
525 3065 570 3123 καλ
580 3063 721 3142 μετέειπεν·

167 3150 287 3213 datori
296 3175 354 3228 μευ,
365 3155 455 3234 Τρῶες
465 3152 509 3211 καὶ
518 3151 647 3234 Δάρδανοι
654 3155 696 3224 ήδ’
705 3151 850 3233 ἐπίκουροι,

135 3237 184 3319 δφρ’
193 3237 260 3297 εἴπω
268 3238 303 3297 τά
313 3262 347 3317 με
355 3238 434 3315 eope<
443 3239 480 3299 tvl
489 3239 611 3311 στήθεσσι
619 3239 728 3299 κελεύει.

101 3323 849 3408 ιιιθύνμένδόρπονέλεσθεκατάπτολιν,ὼςτδπάροςπερ,

135 3410 174 3470 itai
181 3414 300 3494 φυλακῆς
309 3411 443 3490 μνήσασθε
451 3413 496 3471 καὶ
507 3412 646 3494 ἀγρήγορθε
656 3413 771 3482 ἕκαστος·

135 3500 209 3568 iiiito
217 3501 241 3557 δ’
250 3499 346 3565 Ἰδαῖος
353 3496 402 3557 ism
409 3496 499 3566 κοέλας
508 3500 551 3559 ἐπὶ
561 3505 639 3573 νῆας,

135 3583 233 3663 ἀτάμεν
242 3584 388 3666 Ἀτρείδης,
398 3584 570 3664 Ἀγαμέμνονι
579 3585 624 3644 καὶ
634 3585 769 3667 Μενελάῳ,

136 3675 208 3746 piton
216 3670 406 3752 Ἀλεξάνδροιο,
415 3677 460 3731 τῶ
471 3670 556 3731 εἵνεκα
567 3681 649 3739 νεῖκος
657 3673 760 3755 όρωρεν·

104 3770 128 3812 tlt
136 3756 176 3815 aui
183 3757 212 3816 δέ
220 3756 276 3816 τόδ’
286 3758 421 3836 εἰπέμεναι
429 3758 537 3818 πυκινόν
547 3757 620 3831 ἔπος,
630 3758 659 3817 αῖ
667 3762 691 3817 κ’
701 3760 821 3819 ἐθέλωσιν

136 3842 280 3903 παύσασθαι
288 3843 415 3922 πολέμοιο
424 3844 558 3925 δυςηχέος,
569 3845 648 3912 εἰςόκε
663 3844 767 3928 νεκροδς

135 3930 235 4009 κήομεν·
245 3929 353 4013 ὕστερον
363 3923 425 3991 αύτε
435 3930 611 4013 μαχησόμεθ’,
621 3932 700 4000 εἰςόκε
710 3933 810 4011 δαίμων

136 4016 439 4098 ἀμμιδιακρένη,δώῃδ’
452 4016 561 4100 έτέροισέ
569 4043 599 4098 γε
608 4019 689 4092 νίκην.
755 4021 864 4098 [θυντο·,

168 4102 216 4170 Ὠς
224 4101 309 4185 ἔφαθ’·
318 4107 343 4162 οἱ
353 4105 375 4161 δ’
386 4104 436 4186 ἄρα
445 4111 490 4164 τοῦ
501 4105 573 4182 μάλα
588 4105 636 4183 μέν
649 4105 727 4166 κλύω
736 4109 776 4177 ἠδ’
788 4106 848 4166 έπέ-

104 4201 129 4244 ts
140 4187 241 4270 [δόρπον
250 4188 329 4248 ἔπειθ’
340 4187 438 4249 εἵλοντο
447 4190 515 4252 κατά
524 4191 635 4272 στρατὸν
644 4195 671 4251 ἀν
679 4190 829 4270 τελέεσσιν]

135 4277 209 4345 iiber
220 4277 243 4334 δ’
256 4276 349 4344 Ἰδαῖος
358 4275 406 4349 iss
416 4276 504 4344 κοέλας
514 4278 557 4336 ἐπὶ
565 4283 635 4349 νῆας.

136 4360 197 4430 Tol<
206 4363 231 4422 δ’
241 4354 338 4445 εύρέθν
348 4366 430 4445 ἀγορῇ
441 4363 572 4436 Δαναοὺς,
582 4362 847 4448 θεράπονταςἈρηος,

133 4446 250 4532 νηέπάρα
258 4449 366 4532 πρύμνῃ
376 4449 573 4529 Ἀγαμέμνονος·
584 4450 667 4534 αθτάρ
676 4454 780 4510 θεοῖσιν

135 4533 190 4603 vd<
198 4541 227 4596 έν
236 4535 369 4613 μέσσοισιν
379 4537 538 4619 μετεφώνεεν
545 4537 634 4609 ήπύτα
645 4537 734 4619 κῆρυξ·

104 4632 128 4675 U
169 4622 283 4704 Ἀτρείδη
292 4645 322 4681 τε
330 4622 376 4682 καλ
385 4623 459 4683 ἄλλοι
469 4627 589 4706 ἀριστῆες
597 4628 766 4705 Παναχαιῶν,

136 4706 223 4786 ἠνώγει
233 4708 353 4789 Πρίαμός
361 4733 389 4767 τε
398 4709 444 4768 καὶ
453 4709 527 4770 ἀλλοι
537 4715 626 4792 Τρῶες
635 4713 740 4790 ἀγαυοὶ,

138 4794 225 4864 εἰπεῖν,
235 4794 265 4852 ul
272 4793 303 4853 κε’
311 4818 361 4877 περ
370 4794 438 4874 ύμμι
447 4797 521 4878 φέλον
530 4797 575 4856 καλ
584 4796 632 4869 ήδδ
644 4798 756 4877 γένοιτο,

139 4883 208 4954 μῦθον
218 4881 407 4964 Ἀλεξάνδροιο,
416 4890 461 4943 τοῦ
472 4883 557 4944 εἵνεκα
567 4894 649 4954 νεῖκος
657 4886 761 4968 όρωρεν·

139 4966 252 5045 κτήματα
262 4968 310 5046 μέν
319 4967 357 5027 ὅα’
368 4968 530 5052 Ἀλέξανδρος
538 4973 627 5052 κοίλῃς
637 4972 674 5032 sd
684 4974 773 5046 νηυσὶν

105 5061 132 5103 ⁸⁰
141 5052 244 5132 ήγόγιτο
256 5053 378 5136 Τροέηνδ
388 5092 429 5102 -
436 5061 471 5125 ώς
479 5058 541 5140 πρὶν
553 5058 649 5142 ὤφελλ’
659 5061 800 5120 ἀπολέσθαι
808 5096 848 5107 -

141 5136 204 5196 πάντ’
215 5139 296 5199 ἐθέλει
305 5139 411 5219 δόμιναι
420 5142 465 5202 καλ
475 5142 510 5203 ἔτ’
520 5144 618 5205 οἴκοθεν
627 5145 685 5205 ἀλλ’
694 5150 827 5206 ἐπιθεῖναι·

163 5250 269 5288 mvii

1131 412 1299 471 lbtdbts
1320 413 1393 473 Vll.

895 541 1248 606 tunesnltaspropugnaculum
1257 542 1669 607 nariumqueetncslmmipmrmm

897 629 921 677 in
926 628 983 691 ipsis
991 633 1070 678 sotem
1078 633 1158 693 portas
1168 629 1282 678 lacbmus
1291 629 1350 679 benc
1359 634 1547 691 coagmentatus,

897 721 924 764 at
932 730 974 778 per
983 717 1046 778 ipsas
1056 717 1173 778 equestris
1182 717 1221 767 via
1230 718 1262 765 sit
1272 732 1277 765 :

897 803 1001 852 exterius
1010 817 1066 853 vero
1075 804 1214 866 profundam
1224 803 1340 852 fodiamus
1349 817 1422 866 prope
1431 803 1533 864 domm,

896 903 950 953 quse
959 904 1034 953 equos
1042 896 1066 940 et
1075 891 1188 954 populum
1198 891 1320 952 pmbibeat
1330 890 1507 950 circumducta,

896 977 1031 1040 nequando
1040 978 1187 1039 ingravescat
1196 978 1285 1027 bellum
1294 977 1448 1038 Troianorum
1458 977 1621 1040 superborum.

1623 425 1655 474 tlt

926 1077 962 1124 lta
971 1074 1045 1135 diuit3
1055 1075 1089 1124 iiii
1098 1079 1179 1125 autem
1187 1087 1270 1123 omncs
1279 1074 1452 1136 appmbarnnt,
1461 1087 1536 1135 reges.

896 1162 1047 1223 Troianorum
1057 1163 1113 1213 item
1123 1163 1204 1212 concio
1215 1161 1275 1211 iacta
1282 1167 1320 1211 est
1328 1162 1365 1211 ilii
1374 1162 1398 1210 in
1407 1175 1464 1210 arce
1472 1175 1578 1221 sunmrs,

896 1249 1001 1312 trepida,
1011 1250 1160 1310 turbulenta,
1171 1250 1202 1298 ad
1211 1249 1298 1298 Priami
1308 1249 1378 1297 iores.

895 1335 939 1384 His
947 1339 1026 1384 autem
1036 1341 1139 1386 Antenor
1147 1335 1250 1398 prudens
1260 1336 1347 1398 incepit
1355 1335 1489 1385 concionari
1501 1351 1506 1383 :

926 1420 1011 1470 Audite
1022 1434 1073 1482 mc,
1082 1422 1177 1483 troiani
1186 1427 1210 1471 et
1220 1421 1336 1482 Dardani,
1346 1426 1371 1471 ct
1380 1423 1450 1482 socii,

894 1510 922 1554 ut
930 1505 1006 1555 dicam
1016 1520 1070 1570 quse
1079 1520 1117 1556 mc
1125 1508 1219 1557 animus
1228 1508 1253 1557 in
1262 1508 1395 1571 pectoribus
1403 1509 1478 1570 iubet.

895 1592 937 1641 Eia
945 1594 1020 1654 agite,
1030 1595 1141 1654 argivam
1151 1596 1264 1644 Helenam
1273 1601 1297 1644 et
1306 1610 1364 1659 opes
1373 1610 1427 1645 cum
1438 1597 1490 1658 ipsa
1556 1630 1562 1638 -

895 1679 1021 1729 reddamus
1030 1681 1118 1730 Atridis
1126 1681 1276 1730 abducendus
1287 1698 1293 1730 :
1303 1688 1454 1731 runcantem
1464 1682 1552 1732 indere
1561 1682 1608 1732 sida

894 1764 1009 1814 violantes
1019 1778 1165 1828 pugnamus,
1174 1781 1247 1829 quare
1256 1768 1314 1817 nibil
1325 1769 1384 1819 utile
1393 1770 1471 1819 nobis.

895 1851 1002 1915 [autumo
1010 1853 1169 1914 silentumin,
1179 1854 1220 1903 ubl
1229 1869 1276 1903 non
1288 1856 1413 1905 fecerimus
1423 1856 1474 1920 ita]

925 1940 966 1989 lllc
975 1941 1069 2002 quidem
1078 1941 1113 1989 sic
1120 1941 1213 1991 locatus
1222 1942 1336 1992 consedit.
1346 1944 1378 1993 lis
1386 1949 1465 1993 autem
1475 1944 1577 1994 annexit

893 2026 989 2075 divinus
999 2027 1142 2090 Alexander,
1153 2029 1248 2079 lielenae
1256 2030 1354 2078 maritus
1363 2030 1450 2093 pulcris
1458 2031 1545 2090 ramim

894 2115 935 2176 qui
945 2115 1077 2177 adipsum,
1086 2116 1231 2178 respondens
1239 2153 1246 2176 ,
1255 2117 1328 2166 rerba
1338 2117 1399 2166 alata
1408 2117 1549 2167 locutusest
1559 2133 1565 2166 ι

925 2207 1041 2262 Antenor,
1050 2206 1079 2251 tu
1085 2202 1181 2265 quidem
1191 2204 1294 2265 non-iam
1304 2204 1361 2252 milri
1370 2208 1436 2265 grata
1445 2205 1498 2253 baec
1508 2205 1585 2265 dicis;

894 2289 957 2338 nosti
966 2294 990 2338 et
999 2289 1068 2338 aliam
1078 2291 1220 2340 seruientiam
1229 2290 1349 2340 meliorem
1358 2291 1404 2340 lrac
1412 2290 1545 2353 excogitare
1557 2306 1563 2340 ε

893 2377 930 2426 sin
939 2382 1018 2426 sutem
1028 2377 1110 2426 reuera
1118 2377 1180 2427 lianc
1188 2378 1250 2427 serio
1258 2378 1331 2437 dicis,

893 2464 974 2526 ntique
980 2465 1030 2526 jam
1039 2464 1082 2514 tibi
1091 2465 1145 2514 inde
1154 2464 1187 2513 dii
1196 2469 1299 2514 mentem
1308 2465 1445 2514 adememnt
1455 2465 1508 2528 ipsi.

894 2554 969 2612 Atque
974 2564 1017 2613 ego
1021 2551 1132 2612 Troianos
1137 2551 1197 2601 inter
1201 2551 1511 2614 squumdomitoresdicam
1516 2552 1665 2612 melantiam

893 2642 973 2700 aperte
982 2643 1061 2687 autem
1070 2637 1193 2700 profiteor,
1203 2639 1324 2699 coniugem
1334 2639 1430 2700 quidem
1439 2653 1487 2687 uon
1497 2638 1609 2700 reddam;

892 2737 950 2787 opes
959 2738 1016 2774 vero
1024 2738 1179 2788 quascunque
1187 2724 1276 2774 abduxi
1285 2738 1315 2773 cx
1325 2731 1387 2787 Argo
1395 2730 1500 2774 nostram
1510 2725 1621 2786 domam,

892 2825 976 2860 omnes
983 2812 1039 2860 volo
1047 2812 1116 2872 dare,
1126 2816 1197 2874 atque
1206 2812 1277 2861 edam
1287 2811 1380 2861 demeo
1389 2813 1447 2861 alias
1456 2811 1588 2874 adjungere.

922 2899 964 2949 Ille
971 2899 1066 2961 quidem
1074 2899 1108 2948 sic
1114 2900 1207 2949 locutus
1213 2899 1326 2948 consedit.
1335 2903 1450 2949 inter-cos
1457 2903 1538 2949 autem
1544 2901 1649 2949 surrexit

893 2987 1038 3036 Dardanides
1047 2986 1168 3047 Priamus,
1177 2986 1223 3035 dlis
1232 2986 1378 3035 consdiarius
1387 3000 1443 3049 ραις

892 3076 934 3137 qui
943 3075 1000 3138 ipsis
1009 3074 1173 3136 benecupiens
1181 3074 1379 3122 concionatus-est
1387 3077 1412 3122 et
1421 3072 1497 3121 dixit:

923 3162 1008 3213 Audite
1016 3175 1068 3222 me,
1078 3161 1171 3223 Troiani
1181 3165 1205 3211 et
1213 3160 1329 3220 Dmdani,
1340 3164 1364 3209 ct
1374 3160 1445 3219 socii,

892 3255 919 3298 ut
927 3249 1004 3298 dicam
1013 3262 1067 3311 quae
1076 3262 1114 3297 mc
1123 3249 1216 3297 animus
1225 3248 1249 3296 in
1259 3247 1395 3310 pectoribus
1402 3247 1477 3308 jubet.

892 3341 960 3386 Nunc
970 3337 1065 3398 quidem
1075 3349 1166 3385 oenum
1176 3335 1262 3383 sumite
1270 3348 1313 3397 per
1322 3334 1418 3393 urbem,
1428 3334 1489 3382 sicut
1497 3338 1578 3392 anun,

891 3428 915 3473 et
924 3424 1079 3473 excubiarum
1088 3426 1245 3481 mementote,
1254 3426 1279 3470 et
1289 3421 1384 3482 vigilate
1390 3421 1492 3482 quisque
1502 3435 1509 3469 :

891 3524 960 3560 mane
968 3516 1048 3560 autem
1057 3510 1135 3560 ldaeus
1144 3514 1181 3558 eat
1191 3521 1262 3558 caras
1271 3507 1302 3557 ad
1310 3521 1397 3568 αενεε,

891 3599 1025 3648 nuntiatum
1034 3597 1135 3656 Atridis,
1145 3595 1313 3658 Agamemnoni
1322 3599 1346 3644 ct
1355 3595 1476 3654 Menelao,

891 3685 1031 3736 sententiam
1041 3683 1180 3743 Alexandri,
1191 3682 1261 3743 cuius
1269 3695 1342 3731 causa
1351 3681 1470 3731 mntentio
1478 3685 1617 3730 exortaest:

890 3777 914 3822 et
923 3785 980 3821 vero
988 3773 1053 3820 bunc
1062 3771 1127 3820 dicat
1137 3769 1277 3833 prudentem
1288 3782 1434 3828 sermonem,
1444 3768 1463 3817 si
1474 3768 1534 3818 torte
1543 3768 1617 3818 velint

889 3873 981 3910 mesore
989 3859 1075 3908 abedo
1083 3857 1220 3918 horrisono,
1229 3857 1305 3906 donec
1313 3856 1427 3906 cadavera

889 3946 1103 4005 combusserimus;
1112 3948 1195 4008 postea
1203 3945 1290 3993 iterum
1299 3943 1468 4007 pugnabimus,
1478 3942 1553 3992 donec
1562 3941 1621 3990 deos

889 4047 933 4083 nos
942 4033 1049 4093 dirimat,
1057 4032 1144 4094 detque
1152 4032 1271 4081 alterutris
1280 4031 1413 4080 victoriam.

919 4120 958 4170 sic
963 4120 1023 4169 dixit
1031 4135 1037 4168 :
1047 4119 1079 4168 illi
1085 4123 1165 4168 sotem
1171 4119 1192 4167 ei
1200 4119 1302 4168 maxime
1308 4118 1482 4176 auscultarunt,
1489 4120 1513 4165 et
1520 4120 1659 4178 paruerunt:

890 4205 990 4270 [emnam
999 4206 1054 4255 inde
1062 4210 1198 4255 sumserunt
1207 4219 1249 4267 per
1257 4205 1388 4257 exereitum
1397 4205 1421 4252 ia
1430 4202 1551 4252 ordinibus
1557 4200 1574 4263 ς]

889 4307 958 4343 manc
966 4297 1046 4342 autem
1055 4291 1133 4341 Idaeus
1141 4291 1185 4340 ivit
1193 4304 1263 4340 caras
1272 4291 1302 4340 ad
1312 4304 1393 4340 nares.

888 4381 944 4431 Illos
953 4394 1010 4429 vero
1018 4379 1108 4428 invenit
1115 4379 1139 4427 in
1146 4379 1270 4438 concione,
1279 4382 1386 4436 Danaos,
1396 4374 1621 4436 ministrosbiartis,

888 4469 956 4522 uaris
964 4466 995 4516 ad
1003 4467 1102 4530 puppim
1109 4465 1289 4528 Agamemnonis
1295 4482 1302 4524 ;
1309 4463 1426 4525 atquelrie
1434 4463 1560 4521 intereos,

888 4559 953 4605 stans
960 4555 985 4603 in
992 4555 1089 4613 mmiis,
1098 4555 1251 4611 locutusest,
1260 4552 1346 4601 vocalis
1353 4563 1430 4613 praec
1440 4564 1446 4596 ε

918 4642 1046 4704 Atridaque
1054 4646 1078 4690 et
1086 4641 1157 4690 celeri
1164 4640 1282 4702 principes
1288 4636 1559 4697 omnium-Acirirorom,

885 4730 957 4792 jussit
965 4730 1120 4791 Priamusque
1128 4733 1152 4777 ct
1158 4727 1231 4777 ceteri
1237 4725 1331 4786 ‘trojani
1339 4724 1456 4783 illustres,

887 4818 977 4877 dicere,
987 4817 1006 4866 si
1015 4817 1110 4879 qmdem
1119 4815 1187 4864 vobis
1194 4819 1287 4874 gratum
1296 4816 1321 4860 et
1326 4810 1456 4873 jucundum
1463 4811 1521 4871 erit,

887 4905 1027 4954 sententiam
1036 4902 1174 4961 Alexandri,
1181 4901 1248 4961 cujus
1256 4912 1327 4948 causa
1334 4899 1452 4949 contentio
1460 4903 1602 4958 exortaest;

886 5006 944 5054 opes
952 4991 1049 5055 quidem
1056 5000 1209 5051 quamunquc
1217 4986 1349 5037 Alexander
1355 4987 1421 5036 caris
1429 4987 1453 5035 ln
1461 4985 1562 5035 navibus

886 5079 986 5128 adduxit
992 5077 1085 5138 mojam
1096 5075 1198 5138 (utinam
1206 5079 1259 5125 ante
1267 5075 1416 5138 periissett),

886 5177 969 5214 omnes
977 5163 1029 5212 malt
1036 5162 1105 5222 dere,
1112 5166 1138 5212 et
1145 5161 1216 5212 ctiam
1224 5161 1371 5213 desnoalias
1379 5160 1520 5223 adjurrgere:

1542 5250 1556 5287 o
