3570 5932
173 430 419 491 ΟΔΥΣΣΕΙΑΣ
438 431 475 489 Φ.

81 549 155 627 ίγειν,
166 549 194 607 αἲ
203 560 268 608 πᾶσι
277 549 337 629 μέγ’
346 550 430 630 ἔξοχοι
439 551 602 624 αἰπολίοισιν,

81 639 97 695 :i
108 638 189 718 μηρία
199 638 282 705 θέντες
292 637 431 697 Ἀπόλλωνι
440 638 583 721 κλυτοτόξῳ

81 724 240 807 τειρώμεσθα
250 726 295 784 καί
305 725 463 803 ἐκτελέωμεν
473 727 572 786 ἄεθλον.

87 810 159 893 ἔφατ’
170 813 302 880 Ἀντίνοος·
311 823 392 872 τοῖσιν
403 816 424 872 δ’
435 814 572 886 ἐπιήνδανε
583 820 669 893 μῦθος.

81 899 103 958 δέ
112 901 222 981 κήρυκες
232 899 278 977 μὲν
288 899 357 982 ύδωρ
367 902 409 959 ἐπὶ
418 911 507 983 χεῖρας
517 901 619 981 ἐγευαν,

86 986 113 1045 δὲ
123 993 254 1069 κρητῆρας
263 987 440 1070 ἐπεστέψαντο
446 998 544 1049 ποτοῖο·

82 1100 113 1132 αν
124 1075 146 1133 δ’
156 1075 207 1154 ἀρα
217 1085 305 1147 πᾶσιν,
317 1076 488 1157 ἐπαρξάμενοι
498 1077 644 1137 δεπάεσσιν.

81 1163 123 1220 πεί
133 1154 176 1221 ούν
187 1161 296 1221 σπεῖσάν
305 1165 328 1220 τ’
339 1162 411 1221 ἔπιόν
421 1165 451 1235 θ’,
461 1163 520 1222 όσον
530 1165 605 1235 ἤθελε
620 1163 712 1241 θυμός,

89 1249 260 1330 δολοφρονέων
271 1248 368 1330 μετέφη
378 1249 523 1328 πολύμητις
532 1251 682 1318 Ὀδυσσεύς·

81 1336 147 1395 ’,λυτέ
158 1360 219 1414 μευ,
230 1342 374 1418 μνηστῆρες
384 1341 539 1416 ἀγακλειτῆς
552 1338 693 1416 βασιλείης·

81 1425 150 1497 ἴτω,
159 1424 193 1482 τά
203 1448 236 1502 με
246 1424 324 1502 θυμὸς
334 1423 371 1484 ἐνὶ
381 1424 504 1495 στήθεσσι
514 1423 635 1504 κελεύω]

81 1536 150 1591 ,αχον
160 1511 187 1570 δέ
198 1512 313 1589 μάλιστα
323 1513 368 1570 καί
378 1511 502 1571 Ἀντίνοον
512 1512 625 1571 θεοειδέα

81 1600 103 1671 ι’,
114 1599 169 1658 ἐπεὶ
178 1600 224 1657 καὶ
233 1605 307 1658 τοῦτο
317 1597 376 1666 ἔπος
386 1599 454 1658 κατά
465 1608 557 1680 μοῖραν
567 1598 661 1674 ἐειπεν,

81 1712 92 1742 ν
101 1693 201 1744 παῦσαι
210 1685 291 1757 τόξον,
300 1685 436 1799 ἐπιτρέφαι
445 1685 472 1744 δέ
483 1692 585 1746 θεοῖσιν·

84 1772 110 1830 δὲ
119 1773 173 1839 θεὸς
183 1772 260 1832 δώσει
269 1772 375 1853 κρότος,
385 1798 406 1854 ῳ
416 1775 439 1830 κ’
451 1772 576 1853 έθελῃσιν.

81 1859 118 1937 ίγε
128 1884 171 1937 μοι
181 1861 239 1919 δότε
249 1859 321 1928 τόξον
331 1856 426 1932 ἐύξοον,
436 1860 503 1942 όφρα
516 1860 570 1936 μεθ’
581 1862 642 1937 ύμῖν

81 1947 139 2004 ικαὶ
150 1946 249 2014 σθένεος
257 1946 432 2027 πειρήσομαι,
442 1947 466 2004 εἴ
475 1970 520 2025 μοι
529 1947 564 2006 ἔτ’
575 1946 645 2005 ἐστὶν

89 2034 169 2115 πάρος
179 2033 252 2092 ἔσκεν
263 2034 299 2092 ἐνί
309 2044 467 2112 γναμπτοῖσι
478 2034 608 2112 μέλεσσιν,

81 2147 124 2200 μοι
132 2124 239 2181 ὄλεσσεν
249 2123 300 2194 ἆλη
309 2124 334 2180 τ’
346 2122 486 2198 ἀκομιστίη
495 2145 532 2180 τε.

86 2210 166 2291 ἔφαθ’·
173 2214 196 2268 οἱ
206 2212 228 2269 δ’
235 2210 286 2292 άρα
291 2209 386 2275 πάντες
391 2210 555 2291 ὑπερφιάλως
560 2209 715 2288 νεμέσησαν,

81 2322 135 2370 τες,
146 2297 183 2374 μή
193 2297 265 2365 τόξον
275 2293 359 2365 ἐύξοον
369 2298 538 2357 ἐντανύσειεν.

81 2409 116 2452 >ος
126 2387 147 2443 δ’
159 2385 286 2443 ἐνένιπτεν
298 2385 357 2451 ἔπος
365 2388 389 2442 τ’
400 2384 471 2466 ἔφατ’
483 2384 512 2443 ἐκ
521 2385 543 2443 τ’
555 2384 689 2463 ὀνόμαζεν·

81 2471 139 2530 δειλὲ
148 2472 245 2543 ξείνων,
255 2472 292 2530 ένι
301 2497 340 2531 τοι
350 2471 438 2553 φρένες
447 2474 499 2531 οὐδ’
510 2472 611 2544 ήόαιαί·

81 2569 162 2640 απᾷς,
172 2559 186 2617 ὃ
196 2560 287 2631 ἕκηλος
296 2559 477 2640 ὑπερφιάλοισι
489 2561 545 2637 μεθ’
555 2566 619 2638 ἡμῖν

81 2669 125 2719 ·αι;
134 2646 193 2705 οὐδέ
201 2671 226 2704 τι
236 2646 322 2712 δαιτὸς
331 2646 470 2728 ἀμέρδεαι,
481 2645 564 2727 αὐτὰρ
575 2647 676 2716 ἀκούεις

89 2733 222 2814 ἡμετέρων
232 2733 277 2791 καὶ
288 2733 387 2815 ῥήσιος,
398 2733 456 2792 οὐδέ
464 2758 502 2800 τις
511 2735 588 2801 ἄλλος

81 2844 124 2879 νων
136 2820 223 2897 μύθων
233 2820 310 2888 ξεῖνος
319 2820 364 2878 καί
372 2821 475 2901 πτωχὸς
485 2821 581 2881 ἀκούει.

81 2933 107 2967 σε
115 2908 192 2988 τρώει
202 2908 339 2986 μελιηδής,
348 2908 403 2976 όςτε
413 2908 457 2967 καὶ
467 2908 560 2976 ἄλλους

82 3021 117 3068 ει,
127 2995 153 3062 ὃς
163 2995 194 3053 ἀν
204 3021 248 3073 μιν
257 2996 353 3076 χανδὸν
362 2994 423 3074 έλῃ,
434 2996 496 3072 μηδ’
506 2997 600 3074 αἴσιμα
608 2996 680 3077 πίνῃ.

81 3085 120 3141 coi
132 3084 288 3165 Κένταυρον,
300 3084 445 3162 ἀγακλυτὸν
458 3084 623 3164 Εὐρυτίωνα,

81 3171 101 3228 ιλ
111 3170 217 3252 μεγάρῳ
227 3171 378 3249 μεγαθύμου
389 3170 548 3252 Πειριθόοιο,

81 3258 146 3324 τίθας
155 3257 258 3316 ἐλθόνθ’·
269 3262 283 3316 ό
292 3259 314 3316 δ’
324 3257 380 3315 ἐπεὶ
390 3257 482 3340 φρένας
492 3258 572 3316 ἄασεν
581 3258 656 3341 οἴνῳ,

81 3368 144 3411 ιενος
153 3345 212 3404 κάκ’
224 3344 292 3426 ἔρεξε
302 3344 380 3423 δόμον
389 3345 458 3404 κάτα
468 3345 622 3426 Πειριθόοιο·

87 3436 110 3492 δ’
120 3433 183 3511 ἄχος
192 3425 243 3491 εἷλε
252 3479 260 3505 ,
270 3432 301 3491 δι’
312 3437 342 3491 ἐκ
350 3432 478 3514 προθύρου
489 3430 515 3490 δέ
525 3432 616 3515 θύραζε

81 3521 241 3592 ἀναΐξαντες,
252 3522 296 3579 ἀπ’
307 3520 389 3579 οὔατα
398 3522 470 3591 νηλέϊ
479 3523 571 3601 χαλκῷ

81 3607 93 3665 τ’
105 3607 260 3684 ἀμήσαντες·
269 3611 283 3664 ό
292 3605 320 3665 δὲ
329 3607 417 3688 φρεσίν
425 3599 483 3685 ᾗσιν
494 3606 598 3674 ἀασθεὶς

81 3719 86 3751 ι
97 3694 162 3765 ἀτην
171 3693 252 3772 ἀχέων
265 3694 396 3775 ἀεσίφρονι
407 3698 489 3774 θυμῷ.

90 3781 262 3862 Κενταύροισι
270 3780 316 3839 καί
326 3780 435 3861 ἀνδράσι
444 3789 525 3847 νεῖκος
534 3778 644 3860 ἐτύχθη,

81 3871 129 3949 ἐτῷ
138 3868 233 3951 πρώτῳ
242 3868 322 3926 κακὸν
332 3867 420 3949 εύρετο
429 3866 603 3948 οἰνοόαρείων.

81 3956 95 4013 :i
104 3957 145 4015 coi
156 3956 223 4034 μέγα
232 3962 310 4033 πῆμα
319 3955 516 4037 πιφαύσκομαι,
527 3955 594 4014 αἴκε
603 3956 633 4015 τό
643 3955 716 4026 τόξον

81 4068 139 4124 ισης·
149 4048 177 4104 οὗ
188 4045 239 4126 γάρ
247 4070 291 4104 τευ
302 4044 412 4117 ἐπητύος
423 4043 600 4115 ἀντιόολήσεις

81 4157 108 4213 up
118 4132 154 4190 tot
164 4131 253 4213 δήμῳ,
263 4133 333 4214 άφαρ
343 4131 370 4189 δέ
379 4155 409 4189 οε
418 4127 460 4202 νηῒ
470 4130 579 4210 μελαίνῃ

81 4242 149 4296 γετον
161 4222 288 4298 βασιλῆα,
300 4223 397 4299 βροτῶν
408 4219 542 4295 δηλήμονα
552 4219 666 4295 πάντων,

81 4330 135 4383 μεν·
147 4306 216 4366 ἔνθεν
226 4309 248 4366 δ’
258 4307 313 4366 οὔτε
324 4306 447 4366 σαώσεαι·
459 4305 527 4364 άλλδι
536 4305 628 4378 ἕκηλος

81 4418 100 4466 ε,
111 4395 171 4472 μηδ’
182 4395 291 4476 ἐρίδαινε
302 4397 358 4473 μετ’
369 4393 477 4474 ἀνδράσι
487 4393 682 4476 κουροτέροισιν.

81 4507 86 4536 ι
96 4483 117 4540 δ’
127 4474 189 4541 αύτε
198 4482 330 4564 προςέειπε
339 4482 470 4563 περίφρων
480 4482 653 4554 Πηνελόπεια·

81 4573 108 4639 i',
118 4571 147 4627 οὗ
159 4568 207 4646 μὲν
216 4570 296 4628 καλὸν
306 4570 428 4648 ἀτέμόειν
438 4567 496 4629 οὐδὲ
507 4568 606 4629 δίκαιον

80 4679 86 4721 ;
96 4655 271 4735 Τηλεμάχου,
282 4654 307 4723 t<
316 4681 360 4716 κεν
369 4657 431 4715 τάδε
442 4655 541 4733 δώμαθ’
550 4655 649 4729 ἵκηται.

81 4765 122 4813 αι,
133 4741 162 4799 αί
169 4742 195 4821 χ’
205 4746 219 4799 ό
229 4742 305 4810 ξεῖνος
315 4744 459 4816 Ὀδυσσῆος
468 4743 536 4823 μέγα
545 4743 617 4814 τόξον

81 4826 133 4907 ἱση,
143 4828 232 4910 χερσίν
240 4853 269 4887 τε
281 4830 355 4913 βίηφί
363 4855 391 4890 τε
400 4824 447 4912 ᾔφι
456 4831 581 4904 πιθήσας,

92 4918 120 4991 μ’
130 4914 233 4982 ἄξεσθαι
243 4917 288 4974 καί
298 4915 342 4986 ἑήν
352 4916 475 4987 θήσεσθαι
484 4917 596 4991 ἀκοιτιν;

81 5000 132 5069 ἰτός
140 5026 191 5061 που
199 5004 275 5062 τοῦτό
283 5004 307 5084 γ’
318 5003 354 5062 ἐνὶ
364 5004 499 5075 στήθεσσιν
510 5004 609 5063 ἔολπεν·

81 5113 109 5155 ης
119 5089 215 5167 ὑμείων
224 5093 293 5170 τοῦγ’
305 5090 390 5149 εἵνεκα
401 5089 480 5168 θυμὸν
490 5089 592 5171 ἀχεύων

81 5177 227 5238 δαινύσθω·
236 5179 293 5239 ἐπεὶ
301 5177 359 5239 οὐδὲ
369 5177 416 5259 μέν
426 5177 484 5239 οὐδὲ
493 5178 582 5239 ἔοικεν.

970 436 1181 497 ODYSSEAE
1206 439 1293 499 xxi.
1472 454 1527 504 493

752 567 835 617 συρτει
841 554 968 617 adducere,
976 570 1030 619 quae
1040 557 1258 621 inomnibuslonge
1265 560 1468 621 praestantimimae
1474 566 1530 612 siut

753 642 883 706 gregibum]
895 644 1058 694 uttemoribus
1074 645 1190 708 impositis
1200 649 1229 694 iu
1241 646 1362 696 bonorem
1371 649 1487 711 Apollinis
1496 651 1530 699 iu·

753 729 901 793 clyti-aren,]
908 744 991 780 menna
999 735 1131 793 tentemus,
1140 736 1166 782 et
1173 733 1324 796 perficiamus
1330 738 1459 786 certamen.

784 817 823 866 sic
831 816 892 866 airis
900 819 1017 867 Antinous
1027 833 1033 866 ε
1044 818 1091 867 iilis
1099 825 1179 869 autem
1188 820 1296 882 placebat
1305 835 1392 871 sermo.

753 903 815 966 Ipsis
824 917 881 953 rero
889 917 1012 967 precones
1021 905 1118 967 quidem
1127 920 1213 969 aquam
1222 908 1248 956 in
1256 922 1342 958 manus
1351 910 1477 973 tuderani,

751 990 853 1052 iuvenes
862 995 941 1041 autem
951 997 1055 1042 crateras
1063 999 1207 1043 coronarunt
1213 999 1286 1057 potu,

755 1078 974 1140 distribueruntque
983 1081 1110 1141 omnibus,
1119 1085 1270 1145 auspicantes
1278 1084 1379 1146 poculis.

754 1165 791 1215 ilii
800 1167 1311 1232 autemutlibarsutbiberautque,quantum
1319 1171 1524 1235 rolebatunimus,

755 1253 865 1303 intereos
874 1254 1067 1305 dotosmeditaus
1076 1254 1218 1306 iocutusest
1226 1257 1362 1319 ingeniosus
1371 1259 1470 1322 Ulysses
1481 1276 1487 1309 ε

787 1341 873 1392 Audite
883 1356 935 1402 nte,
945 1343 1011 1406 proci
1020 1343 1115 1406 inclyta¹
1125 1344 1227 1406 regium

756 1428 794 1492 [ut
802 1429 894 1490 dicam,
904 1443 959 1493 qaue
968 1444 1007 1479 me
1015 1431 1110 1480 animus
1119 1432 1144 1479 in
1152 1431 1287 1494 pectoribus
1295 1432 1364 1495 jubet
1373 1432 1390 1497 ε]

756 1517 933 1579 Eurymacbnm
940 1522 1020 1568 entem
1029 1519 1133 1568 maxime
1141 1523 1167 1568 et
1175 1520 1304 1570 Antinoum
1313 1520 1468 1573 ‹leosimiiem

755 1618 811 1666 oro,
821 1607 932 1668 quoniam
942 1612 965 1655 et
975 1607 1038 1656 bunc
1048 1620 1181 1656 sermonem
1190 1607 1364 1671 appositedixit
1375 1625 1381 1658 :

757 1707 820 1743 nunc
828 1693 926 1757 quidem
935 1693 1047 1743 dimittite
1056 1707 1152 1756 arcum;
1162 1699 1187 1744 et
1196 1697 1337 1746 committite
1346 1711 1401 1747 rem
1410 1698 1470 1760 ‹iiis;

756 1794 826 1830 mane
836 1794 892 1830 vero
903 1780 963 1830 deas
973 1780 1039 1831 dabit
1048 1782 1130 1842 robur,
1140 1783 1181 1832 cui
1190 1783 1300 1833 voluerit.

757 1867 800 1916 sed
809 1881 865 1929 age,
874 1868 934 1917 mihi
943 1868 998 1918 elate
1006 1882 1090 1918 arcum
1098 1869 1285 1932 bene-potitum,
1295 1876 1322 1920 nt
1331 1872 1445 1922 intervos

757 1968 842 2004 manus
851 1961 876 2005 et
884 1956 958 2005 robur
966 1957 1081 2019 experiar,
1092 1957 1112 2006 si
1120 1957 1177 2005 mihi
1187 1957 1265 2007 ethruc
1274 1959 1306 2007 sit

757 2045 809 2103 ris,
819 2043 896 2105 quatis
905 2049 975 2093 antea
981 2049 1032 2094 erat
1041 2045 1066 2093 in
1074 2045 1192 2094 tiexiiibus
1201 2045 1328 2106 membris;

757 2145 788 2180 an
799 2132 849 2194 jam
863 2133 921 2181 inibi
929 2145 988 2182 eom
1001 2132 1130 2194 perdiderit
1144 2133 1284 2196 negatioque
1297 2138 1323 2183 et
1334 2134 1536 2185 curationis-dete·

757 2218 830 2282 etus]
853 2219 1341 2283 Sicdixit:iiiireroomnessupra·modum
1351 2220 1538 2285 indignatisunt,

758 2306 841 2368 veriti,
851 2319 881 2355 ne
889 2319 973 2356 arcum
982 2307 1153 2369 bene-politum
1162 2307 1280 2357 tenderet.

757 2394 874 2443 mannus
883 2399 964 2443 sutem
972 2406 1031 2443 eum
1041 2394 1188 2456 increpabat,
1198 2394 1346 2458 ¹verbumque
1355 2395 1416 2445 dixit
1427 2402 1451 2446 et
1459 2397 1538 2447 elocu-

758 2485 845 2531 tusest
854 2481 869 2545 ι]
878 2482 910 2530 ab
919 2482 992 2530 miser
1005 2482 1141 2544 hospitum,
1151 2482 1213 2531 inest
1223 2482 1268 2530 tibi
1277 2496 1346 2533 mens
1355 2498 1385 2533 ne
1395 2485 1481 2546 exiguo
1490 2486 1539 2549 qui

757 2568 813 2618 dem
825 2567 842 2631 t]
856 2583 905 2618 non
918 2574 1092 2631 contentuses,
1103 2569 1169 2632 quod
1182 2569 1279 2631 quietus
1293 2570 1409 2632 superbos
1422 2572 1485 2621 inter
1494 2587 1539 2623 nos

757 2656 876 2719 epularis?
885 2670 962 2718 neque
971 2657 1067 2705 omnino
1077 2656 1189 2705 convivio
1199 2657 1313 2719 priveris,
1323 2661 1396 2720 atque
1408 2658 1478 2710 audis

758 2757 880 2793 sermones
888 2748 982 2792 nostros
991 2748 1015 2792 et
1023 2744 1183 2805 colloquium?
1192 2757 1237 2793 nec
1246 2745 1373 2807 quisquam
1379 2746 1440 2796 alius

758 2835 852 2879 nostros
861 2843 982 2879 sermones
991 2831 1080 2891 hospes
1088 2834 1113 2878 et
1122 2843 1211 2893 pauper
1220 2831 1296 2880 audit.

757 2917 846 2966 Vinum
855 2922 879 2966 te
888 2916 1066 2977 sancieteluice,
1075 2917 1247 2981 quod-quidem
1255 2922 1280 2968 et
1288 2919 1347 2968 alios

757 3005 837 3065 laedit,
847 3005 983 3068 quicunque
992 3005 1071 3067 ipsum
1080 3004 1150 3054 avide
1159 3007 1260 3068 ceperit,
1270 3019 1314 3055 nec
1323 3006 1434 3057 decenter
1443 3008 1537 3059 biberit.

757 3092 846 3142 Vinum
855 3092 927 3141 etiam
936 3095 1096 3153 metaurum,
1105 3093 1222 3153 inclytum
1231 3075 1400 3156 Ευεφιίοιεεω,

758 3180 820 3229 iaesit
830 3181 854 3228 in
864 3180 935 3230 domo
944 3180 1087 3243 magnanimi
1097 3179 1209 3242 Pirithoi,

757 3267 789 3316 ud
798 3269 911 3330 Lapithas
920 3268 1072 3331 protectum:
1086 3268 1173 3317 isvero
1187 3271 1314 3331 postquam
1327 3274 1432 3319 mentem
1445 3270 1540 3322 besem

757 3355 837 3419 rino,]
847 3356 967 3405 insaniens
976 3355 1038 3405 mah
1048 3355 1149 3418 patravit
1158 3369 1200 3418 per
1209 3355 1308 3405 domum
1318 3356 1418 3407 Pirithoi
1428 3373 1435 3407 :

758 3445 842 3494 heroas
852 3456 909 3493 vero
918 3443 985 3493 dolor
994 3444 1057 3506 oepit
1063 3459 1071 3504 ;
1080 3456 1123 3506 per
1131 3443 1277 3492 vestibulum
1286 3448 1367 3494 antem
1377 3445 1440 3495 toras

757 3536 922 3595 pertraxerunt
931 3535 959 3581 in
970 3545 1028 3581 eum
1037 3532 1199 3593 insurgentes,
1210 3544 1281 3580 aures
1289 3545 1355 3581 ssero
1364 3545 1412 3582 sere

757 3633 874 3682 naresque
883 3624 1033 3682 amputantes
1044 3634 1050 3666 :
1060 3617 1100 3667 ille
1109 3623 1189 3667 antem
1198 3621 1278 3667 mente
1287 3633 1331 3668 sus
1338 3619 1424 3680 iaesus,

758 3708 808 3756 ibet
817 3720 888 3756 suum
896 3707 1009 3755 donnum
1020 3710 1116 3768 portans
1125 3705 1230 3753 dementi
1240 3705 1329 3753 auhno.

758 3798 795 3844 Ex
803 3807 852 3857 quo
861 3793 986 3843 Centauris
996 3797 1020 3841 et
1030 3792 1088 3840 viris
1096 3792 1218 3841 contentio
1227 3792 1350 3853 iacta-est,

759 3883 852 3944 sibique
861 3881 906 3945 ipsi
915 3881 993 3942 primo
1002 3879 1092 3928 maium
1101 3878 1193 3928 invenit
1202 3882 1238 3934 is,
1250 3879 1305 3928 vino
1314 3884 1435 3940 maratus.

759 3970 799 4021 Sic
808 3973 832 4020 et
841 3968 884 4019 tibi
892 3981 1004 4030 magnum
1013 3967 1127 4016 bmnum
1136 3966 1265 4028 denuntio,
1273 3966 1294 4015 si
1303 3979 1385 4015 arcum

759 4057 864 4107 tendens
875 4070 937 4106 :aon
947 4056 1011 4106 enim
1019 4056 1162 4118 cujusquam
1170 4055 1276 4104 savorem
1286 4055 1394 4104 invenies

760 4151 842 4195 nostro
850 4146 875 4194 in
885 4144 986 4209 popuio;
996 4144 1172 4194 statimrerote
1182 4143 1237 4192 nari
1246 4144 1314 4205 nigra

759 4233 791 4282 ad
800 4234 917 4282 Echetum
925 4246 1019 4294 regem,
1028 4232 1153 4281 hominum
1161 4232 1290 4294 perniciem
1298 4231 1419 4291 omuinm,

760 4321 883 4370 mittamus
890 4335 896 4368 ι
903 4319 1389 4383 iadeautemnequaquamsatrusevodes:
1396 4317 1538 4380 sedquietns

758 4408 875 4472 biboque,
884 4422 931 4458 neu
940 4407 1057 4458 contende
1066 4421 1121 4456 cnm
1130 4408 1188 4457 viris
1195 4407 1336 4469 junioribus.

789 4500 861 4547 Hunc
869 4501 949 4546 autem
959 4510 1042 4546 rursus
1051 4496 1200 4545 allocutaest
1209 4494 1314 4558 prudens
1324 4494 1441 4556 Penelope
1452 4509 1458 4541 :

759 4585 875 4645 Aufinoe,
886 4598 932 4633 non
941 4582 1038 4648 quidem
1049 4585 1177 4633 honestum
1184 4583 1326 4642 conviciari,
1337 4596 1414 4645 noque
1420 4582 1527 4643 justum,

758 4674 865 4736 hospites
874 4672 1021 4733 Telemachi,
1031 4672 1166 4734 quicunqne
1175 4669 1206 4718 ad
1215 4670 1257 4718 has
1267 4669 1331 4718 aedes
1339 4669 1480 4732 pervenerit.
1545 4722 1547 4728 ,

761 4765 878 4820 Putasne,
887 4761 909 4809 si
918 4761 958 4810 hic
968 4760 1055 4822 hospes
1066 4760 1158 4820 ulyssis
1167 4771 1280 4819 moganum
1292 4771 1376 4806 arcum

759 4849 899 4910 tetenderit,
909 4848 1067 4910 manibusque
1075 4847 1213 4910 viribusque
1223 4847 1274 4895 suis
1282 4844 1371 4904 fretus,

759 4937 857 4987 domum
866 4950 924 4986 eum
931 4950 969 4985 me
979 4935 1108 4985 ductumm
1117 4972 1124 4997 ,
1134 4940 1159 4984 et
1168 4948 1236 4983 suam
1244 4934 1362 4983 iacturum
1372 4935 1491 4982 uxorem?

758 5029 840 5088 Neque
849 5025 913 5087 ipse,
922 5023 1014 5086 opinor,
1023 5023 1069 5072 boc
1077 5023 1101 5070 in
1112 5022 1246 5084 pectoribus
1255 5024 1347 5083 sperat;

759 5125 803 5162 nec
812 5111 940 5175 quisquam
949 5115 1056 5160 vestrum
1065 5111 1137 5173 trojus
1147 5108 1397 5171 gratisonimodoiens

758 5200 798 5250 hic
806 5200 946 5252 eonvitetur
954 5215 962 5262 ς
971 5198 1084 5265 qnoniam
1093 5210 1244 5262 nequaquam
1252 5196 1350 5261 quidem
1358 5194 1436 5247 decet.
