3570 5932
181 403 431 465 ΟΔΥΣΣΕΙΑΣ
451 405 486 465 Ξ.

88 560 106 595 :t
115 540 256 620 γλαφυρῆς·
268 540 280 597 ἐ
304 537 338 598 ἐδ
357 538 472 622 ἔκρυψαν
482 541 534 600 θεοί
545 542 620 602 αθτοί

89 651 108 697 ς,
121 624 167 683 καί
177 650 209 704 με
220 629 330 708 σταθμῷ
339 625 489 687 ἐπελασσαν
501 628 605 706 ἀγοντες

96 712 279 792 ἐπισταμένου·
291 713 329 774 ἔτι
338 714 389 797 γάρ
400 714 430 774 νύ
440 740 484 794 μοι
496 707 558 776 αἶσα
570 721 672 796 βιῶναι.

92 803 115 862 δ’
125 799 484 885 ἀπαμειθόμενοςπροςέφης,
496 804 600 884 Εὔμαιε
608 804 723 865 συὸιῗετα·

98 887 194 962 ξείνων,
204 880 222 962 ή
232 914 277 968 μοι
287 889 360 967 μάλα
371 890 451 968 θυμὸν
461 890 560 972 όρινας,

89 977 183 1037 έκαστα
192 976 285 1058 λέγων,
294 977 344 1038 όσα
354 977 387 1050 δή
397 978 477 1048 πάθες
491 980 532 1053 ἠδ’
542 979 581 1040 όσ’
593 981 699 1055 ἀλήθης.

89 1065 140 1144 τοίγ’
150 1069 179 1125 οθ
189 1066 257 1124 κατὰ
267 1065 366 1145 κόσμον
376 1066 480 1146 ὀΐομαι,
490 1068 550 1129 οὐδέ
559 1093 593 1148 με
601 1071 700 1139 πείσεις

89 1157 147 1235 ἀμφ’
157 1152 277 1226 Ὀδυσῆϊ·
288 1155 314 1213 τί
324 1179 353 1215 σε
362 1154 430 1237 χρὴ,
441 1167 510 1217 τοῖον
520 1156 610 1230 ἐόντα,

89 1266 121 1309 ως
127 1240 282 1322 ψεύδεσθαις
296 1240 349 1322 ἐγὼ
359 1243 380 1301 δ’
392 1234 421 1302 εά
431 1234 488 1303 οἶδα
499 1244 545 1302 καί
555 1243 632 1313 αὐτὸς

91 1332 163 1408 ἐμοῖο
173 1328 298 1405 ἄνακτος,
308 1329 345 1390 ὅτ’
356 1331 452 1411 ήχθετο
460 1341 527 1390 πᾶσι
537 1337 631 1392 θεοῖσιν

91 1417 164 1496 μάλ’,
175 1417 231 1476 ὅττι
241 1443 286 1497 μιν
297 1419 353 1479 οὔτι
363 1418 431 1498 μετθι
440 1418 563 1502 Τρώεσσι
581 1420 722 1500 δάμασσαν

89 1531 105 1563 ιν
116 1509 142 1564 ἐν
152 1507 251 1588 Ιγερσλν,
262 1507 320 1566 ἐπεί
329 1508 444 1587 πόλεμον
454 1507 622 1568 τολύπευσεν.

100 1598 123 1653 οἱ
131 1594 230 1672 τύμόον
238 1593 286 1672 μέν
296 1595 424 1668 ἐποίησαν
434 1598 601 1676 Παναχαιοί,

89 1683 130 1740 καί
139 1673 161 1763 ᾧ
171 1684 246 1743 παιδί
256 1682 325 1762 μέγα
332 1683 407 1751 κλέος
415 1684 491 1766 ἤρατ’
502 1684 612 1744 ὀπίσσω.

93 1795 138 1848 μιν
148 1773 257 1840 ἀκλειῶς
265 1771 393 1854 Ἅρπυιαι
403 1771 585 1854 ἀνηρείψαντο.

89 1857 140 1936 ἐγὼ
150 1861 212 1941 παρ’
224 1859 312 1919 θεσσιν
322 1860 478 1942 ἀπότροπος·
489 1858 547 1919 οὐδὲ
556 1859 661 1918 πολινδε

89 1970 116 2019 n,
126 1951 148 2007 εί
159 1947 197 2024 μή
207 1946 257 2007 πού
267 1972 293 2005 τι
302 1947 434 2030 περίφρων
445 1945 613 2020 Πηνελόπεια

89 2034 248 2114 ιότρύνησιν,
258 2034 295 2094 ὅτ’
307 2036 416 2114 ἀγγελίη
426 2033 503 2094 ποθὲν
514 2034 593 2094 ἔλθοι.

101 2121 148 2200 μέν
159 2122 192 2182 τό
202 2122 302 2182 έκαστα
311 2124 460 2206 παρήμενοι
470 2121 621 2205 ἐξερέουσιν,

96 2211 222 2291 ἄχνυνται
233 2209 279 2282 δὴν
290 2209 440 2290 οἰχομένοιο
450 2210 575 2284 ἄνακτος,

89 2300 205 2382 αίρουσιν
218 2300 304 2380 βίοτον
314 2300 436 2373 νήποινον
445 2299 553 2369 ἔδοντες.

89 2387 127 2446 toi
136 2390 166 2446 οθ
181 2386 254 2468 φίλον
263 2387 320 2446 ἐστὶ
331 2390 500 2466 μεταλλῆσαι
509 2387 555 2447 καὶ
565 2384 686 2469 ἐρέσθαι,

89 2474 93 2546 ί
104 2475 133 2552 μ’
143 2475 260 2542 Αἰτωλός
270 2474 336 2557 ἀνὴρ
346 2474 462 2557 ἐξήπαφε
473 2474 562 2557 μύθῳ,

89 2566 136 2644 δρα
145 2563 260 2636 κτείνας,
269 2562 371 2635 πολλὴν
380 2564 425 2623 ἐπὶ
434 2572 513 2642 γαῖαν
524 2563 628 2635 ἀληθείς

89 2651 120 2709 elz
130 2651 194 2733 πρὸς
204 2647 314 2728 δώματ’·
325 2652 378 2729 ἐγὼ
390 2651 418 2710 δέ
427 2676 472 2729 μιν
482 2651 687 2734 ἀμφαγάπαζον.

89 2764 124 2797 ιιν
134 2742 161 2798 ἐν
172 2738 307 2820 Κρήτεσσι
316 2742 379 2821 παρ’
391 2739 521 2816 Ἰδομενῆϊ
531 2737 631 2797 ἰδέσθαι

89 2825 213 2906 ειόμενον,
223 2827 269 2895 τάς
278 2831 302 2886 el
314 2826 435 2895 ξυνέαξαν
446 2827 547 2886 ἄελλαι·

89 2919 100 2952 ”
111 2914 262 2975 ἐλεύσεσθαι
273 2914 290 2986 ἢ
300 2918 325 2982 ἐς
335 2914 433 2997 θέροςῆ
443 2918 468 2983 ἐς
478 2913 594 2998 ἀπώρην,

89 3004 195 3086 [ρήμαά
209 3002 374 3081 ἀγοντα,σθν
385 3002 510 3070 ἀντιθέοις
518 3001 657 3084 ἑτοίροισιν.

99 3090 174 3171 γέρον
179 3090 346 3164 πολυπενθές,
353 3090 410 3149 ἐπεί
416 3089 447 3149 σί
456 3114 501 3169 μοι
510 3089 595 3168 ήγαγε
605 3089 717 3168 δαίμων,

96 3204 141 3257 μοι
152 3180 275 3260 ψεύδεσσι
286 3180 393 3260 χαρίζευ
403 3180 471 3257 μήτε
480 3202 506 3237 τι
516 3177 599 3256 θέλγε·

88 3268 180 3327 ,τοῦνεκ’
192 3268 244 3347 ἐγώ
254 3270 278 3326 α’
290 3266 446 3344 αἰδέσσομαι
455 3265 513 3326 οὐδὲ
524 3265 640 3348 φιλήσω,

89 3382 98 3415 ι
108 3354 189 3424 ξένιον
199 3356 286 3424 δείσας
296 3354 373 3414 αὐτόν
383 3358 406 3414 τ’
418 3354 551 3436 ἐλεαίρων.
636 3353 716 3432 [σεύς

89 3445 111 3503 δ’
121 3443 332 3523 ἀπαμειόόμενος
341 3442 455 3524 προςέφη
465 3441 613 3520 πολύμητις
622 3441 716 3502 Ὀδυσ-

92 3533 131 3600 τίς
140 3557 179 3592 τοι
189 3532 269 3611 θυμός
278 3532 316 3591 ἐνί
325 3531 463 3603 στήθεσσιν
474 3532 596 3602 ἄπιστος,

89 3623 134 3680 οὐδ’
149 3620 248 3698 ὀμόσας
257 3644 307 3701 περ
316 3619 449 3697 ἐπήγαγον
460 3617 520 3679 οὐδέ
530 3641 560 3677 σε
570 3617 661 3677 πείθω.

89 3733 108 3768 ιε
118 3715 162 3771 νῦν
172 3708 270 3791 ῥήτρην
279 3707 444 3786 ποιησόμεθ’·
455 3706 539 3789 αὐτὰρ
548 3705 657 3788 ίίπερθεν

89 3822 108 3858 ει
118 3797 289 3880 ἀμφοτέροισι
299 3796 366 3870 θεοί,
376 3796 417 3855 τοί
426 3792 568 3872 Ὄλυμπον
574 3794 691 3876 ἔχουσιν.

89 3910 127 3945 ιεν
137 3885 251 3965 νοστήσῃ
262 3884 326 3953 ἄναξ
336 3884 392 3951 τεδς
401 3887 427 3951 ἐς
435 3883 495 3943 τόδε
504 3877 596 3962 δώμα,

89 3997 102 4032 ε
111 3973 223 4053 χλαῖνάν
232 3998 261 4033 τε
270 3997 290 4054 χ
292 3972 371 4032 ιτιῒινοί
380 3996 409 4031 τε
420 3972 518 4051 εἵματα
527 3971 633 4053 πέμψαι

90 4059 142 4119 ἀνθ’
153 4062 234 4134 ἰέναι,
243 4061 283 4119 όθι
294 4083 339 4138 μοι
349 4059 425 4141 φιλον
436 4058 530 4119 ἔπλετο
539 4064 623 4142 θυμῷ·

92 4147 130 4226 μή
140 4148 245 4228 ἔλθῃσιν
256 4147 320 4216 ἄναξ
329 4148 399 4219 τεὸς,
409 4152 444 4214 ὡς
454 4146 584 4229 ἀγορεύω,

89 4236 219 4304 ἷπισσεύας
229 4235 332 4316 βαλέειν
343 4235 460 4314 μεγάλης
469 4235 540 4294 κατά
549 4235 661 4315 πέτρης,

89 4323 103 4382 :l
112 4324 191 4391 ἄλλος
200 4324 305 4404 πτωχὸς
316 4321 437 4383 ἀλεύεται
447 4320 630 4404 ἠπεροπεύειν.

89 4412 107 4468 θ’
116 4411 329 4490 ἀπαμειάόμενος
338 4409 501 4493 προςεφώνεε
510 4411 563 4477 δῖος
572 4409 693 4492 θφορὸός·

89 4523 126 4559 τω
135 4499 186 4582 γάρ
195 4500 240 4560 κέν
251 4524 296 4579 μοι
307 4499 411 4572 ἐϋκλείη
421 4500 443 4558 τ’
454 4498 536 4579 ἀρετή
546 4521 575 4558 τε

89 4589 234 4670 ἀνθρώπους
243 4588 301 4666 ἀμα
311 4590 333 4647 τ’
345 4589 441 4647 αὐτίκα
450 4587 496 4645 καὶ
507 4585 663 4664 μετέπειτα,

89 4675 109 4733 εί
120 4679 145 4744 ἐς
155 4675 259 4748 κλισίην
270 4677 369 4755 ἄγαγον
380 4675 425 4734 καί
435 4674 516 4743 ξείνια
527 4676 614 4746 δῶκα,

96 4763 229 4842 κτείναιμι
239 4763 312 4847 φίλον
322 4764 345 4822 τ’
355 4763 409 4823 ἀπδ
419 4759 501 4841 θυμδν
511 4762 628 4839 ἑλοίμην·

88 4876 101 4909 ν
111 4874 155 4915 κεν
165 4852 197 4925 δὴ
209 4851 301 4912 ἔπειτα
310 4851 361 4913 Δία
371 4850 509 4933 Κρονίωνα
518 4850 648 4935 λιτοίμην.

89 4939 135 5024 θρη
145 4940 260 5024 δόρποιο·
270 4940 385 5022 τάχιστά
397 4964 441 5020 μοι
451 4940 523 5000 ἔνδον
534 4944 633 5021 ἑταῖροι

89 5033 115 5089 ἐν
125 5030 214 5112 κλισίη
224 5028 304 5113 λαρδν
314 5029 486 5107 τετυκοίμεθα
497 5027 601 5110 δόρπον.

89 5120 100 5176 ί
110 5116 159 5196 μίν
167 5125 277 5178 τοιαῦτα
286 5118 351 5200 πρὸς
361 5118 490 5189 ἀλλήλους
499 5117 633 5199 ἀγόρευον·

89 5229 124 5266 ιον
134 5204 162 5267 δί
172 5206 268 5277 σύιςτε
278 5207 324 5266 καί
334 5205 422 5287 ἀνέρες
432 5198 511 5281 ἦλθον
522 5204 639 5288 θφοράοί.

998 411 1211 473 οθΥ88ΕνΕ
1237 414 1324 474 XIV.
1495 429 1551 477 mr

767 556 855 593 nerem
864 544 889 593 lu
898 556 998 605 covarn3
1008 558 1047 596 me
1056 551 1137 596 autern
1146 546 1323 596 absconderunt
1332 547 1365 598 dii
1376 550 1421 613 ipsi

767 632 848 696 iscilc,
857 637 881 684 et
890 646 930 683 me
939 633 1035 683 stabulo
1044 634 1189 699 appulerunt
1197 636 1313 687 ducentes

766 721 812 770 viri
822 721 946 784 prudentis
952 738 960 782 ;
970 721 1049 772 adhuc
1058 723 1122 773 enim
1132 723 1192 773 mihi
1201 724 1277 774 iatum
1286 727 1325 774 est
1335 725 1425 776 vivere.

797 812 868 860 Hunc
876 815 958 860 autem
967 809 1115 873 respondens
1124 812 1293 874 allocutus-es,
1302 817 1402 865 Eumoee
1412 813 1512 866 subulco
1525 831 1531 864 :

765 897 798 947 alr
807 898 880 949 misor
888 898 1027 962 hospitum,
1037 903 1102 949 certe
1110 899 1171 950 mihi
1181 899 1251 951 valde
1259 901 1368 951 ammom
1376 903 1544 967 commovisti,

766 986 1348 1053 hscsmguudicens,‹p1anujampassusas,et
1360 996 1554 1055 quantumruga·

765 1076 825 1140 tus]
834 1077 882 1128 sed
891 1091 919 1128 ea
928 1091 976 1127 non
985 1090 1029 1142 pro
1036 1077 1131 1128 decenti
1139 1078 1211 1128 dicto
1219 1079 1330 1142 arbitror,
1338 1093 1383 1131 nec
1390 1081 1449 1130 milri
1458 1095 1555 1144 persua·

765 1164 842 1228 debis]
852 1166 948 1216 locutus
957 1165 987 1217 de
997 1165 1084 1229 Ulysso
1093 1182 1100 1216 :
1109 1166 1168 1229 quid
1177 1170 1202 1216 te
1210 1172 1318 1230 oportet,
1327 1168 1383 1218 talis
1392 1170 1523 1235 quumsis,

765 1257 854 1303 temere
863 1254 975 1304 mentiri?
984 1267 1028 1317 ego
1037 1267 1096 1305 vero
1106 1259 1171 1304 certe
1181 1255 1237 1305 nori
1247 1255 1333 1319 etipse

763 1341 880 1391 derediiu
890 1342 938 1392 mei
946 1342 1052 1402 domini,
1062 1342 1128 1405 qued
1138 1344 1160 1390 is
1169 1341 1339 1412 odio-liabetur
1348 1341 1461 1393 omnibus
1471 1343 1518 1394 diis

763 1442 862 1491 prorsus
868 1429 951 1492 valde,
961 1430 1018 1494 quia
1026 1430 1107 1494 ipsum
1115 1444 1164 1480 non
1173 1429 1234 1479 inter
1243 1430 1357 1492 Troianos
1367 1429 1495 1494 domuere,

764 1517 802 1568 rel
813 1519 944 1569 amicorum
954 1518 979 1568 in
988 1519 1115 1579 manibus,
1124 1522 1254 1581 postquam
1264 1516 1355 1567 beilum
1364 1519 1506 1570 coniecerat.

763 1609 832 1655 Tunc
840 1606 862 1655 ei
873 1607 994 1656 tumulum
1003 1605 1102 1669 quidem
1112 1606 1226 1655 fecissent
1233 1605 1450 1668 universi-Acirivi,

763 1699 835 1756 atquc
841 1696 914 1745 etiam
921 1709 966 1744 suo
973 1694 1021 1744 lilio
1028 1706 1139 1757 magliam
1144 1694 1243 1757 gloriam
1248 1695 1544 1758 peperisseiinposterum

762 1783 831 1831 Nunc
840 1786 921 1832 autem
931 1782 1010 1846 ipsum
1020 1782 1119 1845 inglorie
1128 1783 1241 1846 lierpyine
1251 1782 1416 1846 abripuenmt.

763 1872 793 1919 nt
802 1882 846 1932 ego
855 1870 919 1933 apud
928 1883 985 1921 sues
995 1883 1088 1921 moneo
1098 1874 1207 1920 semotus
1218 1886 1223 1918 :
1233 1884 1312 1933 uelpue
1320 1870 1352 1919 ad
1361 1871 1446 1921 urbem

762 1971 792 2008 eo
797 1994 806 2019 ,
815 1959 862 2008 nisi
872 1959 969 2022 ηυοαθο
979 1960 1040 2010 iorte
1049 1959 1156 2022 prudens
1164 1959 1284 2022 Penelope

763 2047 844 2096 renim
851 2046 949 2108 jubent,
959 2047 1057 2111 quando
1066 2049 1167 2098 nuntius
1175 2047 1287 2098 alicunde
1296 2047 1399 2097 venerit.

762 2135 810 2184 Sed
818 2135 853 2184 iili
862 2135 963 2198 quidem
971 2136 1065 2198 singula
1074 2136 1210 2186 assidentes
1220 2135 1381 2198 interrogant,

762 2224 814 2273 sire
823 2223 956 2288 quidoleut
965 2225 1007 2275 diu
1016 2224 1116 2274 absente
1130 2237 1198 2286 rege,

762 2310 813 2361 sive
822 2304 865 2373 qdi
873 2311 979 2374 gaudent
988 2312 1080 2361 uictum
1090 2312 1189 2375 impune
1198 2311 1361 2362 absumentes.

762 2399 811 2448 Sed
820 2399 937 2449 mihinon
945 2403 1041 2461 patum
1050 2404 1089 2450 cst
1098 2399 1221 2462 inquirere
1230 2404 1255 2448 et
1264 2399 1423 2461 interrogare,

761 2502 792 2537 ex
800 2501 849 2551 quo
857 2487 956 2551 midam
965 2500 1005 2538 mc
1013 2487 1107 2538 AEtolus
1117 2488 1155 2537 eir
1164 2487 1259 2550 decepit
1269 2502 1396 2549 sermonc5

761 2576 817 2638 qui,
827 2577 880 2626 viro
889 2576 1029 2638 interiecto,
1040 2576 1130 2625 multas
1137 2589 1181 2639 per
1190 2576 1299 2638 regiones
1309 2581 1425 2637 vagatus,

762 2665 829 2714 venit
837 2664 942 2715 measad
952 2664 1037 2714 domm
1049 2679 1055 2712 :
1066 2677 1178 2726 egerem
1188 2664 1269 2727 ipsum
1277 2663 1549 2727 umicecomplectcbar.

761 2751 1007 2802 Dixitauiemseeum
1012 2751 1280 2815 intercretcnsesapud
1289 2751 1449 2801 idomeneum
1458 2751 1551 2802 uidisse

760 2854 835 2890 nares
844 2839 1003 2902 reficientem,
1012 2854 1074 2903 quas
1083 2840 1105 2890 ei
1115 2840 1281 2902 confregerant
1291 2838 1402 2903 procede
1413 2854 1420 2887 :

760 2933 785 2977 ct
792 2929 854 2978 dixit
862 2933 1006 2990 venturum,
1016 2929 1054 2979 rel
1064 2930 1089 2978 iu
1097 2932 1222 2988 estatem,
1231 2928 1270 2977 rel
1280 2928 1305 2976 in
1315 2932 1473 2989 autumnum,

761 3017 915 3080 multasopes
924 3015 1084 3067 advehentem
1092 3052 1099 3078 ,
1108 3030 1164 3066 cum
1174 3016 1263 3065 divinis
1271 3016 1351 3065 sociis.

760 3108 792 3154 Et
799 3110 923 3167 tu,seuex
932 3104 1029 3165 infelix,
1040 3109 1169 3167 postquam
1179 3108 1203 3154 tc
1213 3103 1272 3152 milri
1281 3103 1384 3152 adduxit
1393 3101 1468 3163 deus,

759 3206 808 3242 neu
817 3191 876 3256 quid
885 3193 946 3242 milri
955 3191 1087 3242 mendaciis
1094 3191 1241 3254 gratificare,
1251 3204 1299 3240 neu
1308 3191 1405 3240 mulce:

759 3279 960 3330 nouenimobdd
968 3291 1012 3342 ego
1021 3283 1046 3328 te
1055 3279 1190 3338 honorabo,
1199 3290 1244 3327 uec
1253 3276 1364 3338 diligam,

760 3369 803 3420 sed
812 3372 900 3418 iovem
909 3367 1059 3431 Hospiteiem
1071 3368 1178 3426 ueritus,
1189 3365 1350 3428 toqueipsum
1360 3364 1497 3414 miseratus.

790 3459 860 3507 Hunc
865 3460 946 3506 autem
953 3454 1102 3519 respondeus
1111 3454 1276 3504 allocutuscst
1284 3453 1424 3514 ingeniosus
1432 3453 1549 3513 Uiysses:

759 3549 824 3595 corte
832 3544 904 3597 valde
912 3544 1012 3608 orridmn
1020 3544 1066 3593 tibi
1075 3544 1171 3592 auduus
1180 3543 1206 3590 in
1214 3542 1354 3604 pectoribus
1364 3540 1518 3599 incredulus,

758 3633 872 3696 quonism
881 3637 941 3683 tene
949 3631 1167 3693 cum-iureiurando
1176 3629 1274 3692 quidem
1284 3626 1549 3678 adcredendnmoddu·

759 3721 892 3784 xi,uectihi
904 3719 1056 3783 persuadeo]
1067 3718 1116 3769 sed
1124 3730 1167 3779 ege
1177 3730 1242 3766 nunc
1252 3717 1408 3778 sponsionem
1418 3716 1547 3764 iaciamus:

758 3808 903 3872 acdesuper]
912 3812 987 3858 testes
994 3807 1113 3857 ambobus
1120 3805 1154 3854 dii
1163 3807 1248 3859 sunto,
1259 3804 1302 3866 qui
1313 3803 1445 3866 olympum
1456 3807 1547 3853 leuem.

759 3898 784 3948 Si
793 3879 891 3961 qtridcm
899 3895 997 3946 redierit
1007 3894 1079 3944 herus
1089 3899 1146 3956 tuus
1156 3893 1181 3941 in
1190 3893 1252 3941 lianc
1260 3891 1374 3953 domum,

758 3984 870 4035 indutum
878 3997 917 4034 me
926 3983 1035 4046 laeuoque
1044 3981 1173 4044 tunicaque
1182 3979 1335 4028 vestimentis
1343 3977 1423 4028 deduc

757 4072 950 4132 m-nuiichium,
960 4075 1062 4131 nicam,
1072 4083 1121 4133 qrro
1130 4069 1189 4118 milri
1201 4071 1240 4117 ire
1248 4071 1344 4129 gratum
1352 4071 1391 4116 est
1399 4064 1494 4125 εαίαιος

758 4161 795 4210 sin
804 4173 863 4210 vero
874 4172 923 4209 non
932 4159 1025 4208 uenerit
1034 4159 1107 4207 iterus
1115 4161 1174 4206 tuus
1183 4191 1190 4216 ,
1200 4160 1229 4205 ut
1236 4154 1357 4218 prmdioo,

757 4248 854 4298 tumidis
863 4248 968 4298 incitatis
976 4259 1017 4296 mc
1026 4245 1101 4307 dejice
1110 4257 1196 4306 magne
1204 4244 1236 4294 de
1245 4256 1319 4306 rupe,

757 4341 816 4387 utet
825 4336 887 4386 alius
896 4335 1021 4385 mendicus
1032 4336 1117 4383 carent
1126 4332 1244 4394 decipere.

788 4428 861 4476 Hunc
870 4427 953 4473 autem
962 4421 1110 4485 respondens
1119 4420 1284 4469 allocutusest
1294 4415 1392 4466 divinus
1401 4414 1518 4466 subulcus
1529 4428 1536 4462 ε

757 4513 858 4576 Ιιοερεε,
869 4510 1046 4561 sicenimmilri
1057 4508 1193 4560 boue-lema
1202 4505 1442 4568 virtutisquenomm

756 4605 822 4652 essct
831 4601 893 4652 inter
903 4600 1013 4649 hommes
1020 4597 1091 4648 simul
1100 4609 1179 4655 nuno,
1188 4600 1214 4646 et
1222 4594 1392 4656 inposterum,

756 4691 798 4752 qui
807 4694 841 4750 te,
850 4693 979 4754 postquam
992 4688 1016 4736 in
1025 4682 1245 4743 cusamduxisscm,
1251 4687 1276 4731 et
1280 4678 1543 4743 hospitsiiadedissem,

756 4777 843 4828 deinde
852 4782 932 4827 tomen
941 4774 1109 4832 iuterdeerem,
1119 4771 1282 4832 dilectumque
1291 4768 1399 4818 animum
1408 4767 1525 4831 eriperem
1536 4781 1542 4814 :

755 4865 876 4916 err-auimo
885 4877 942 4914 seue
951 4861 1036 4913 deinde
1045 4861 1100 4911 Jovi
1109 4858 1220 4910 Saturnio
1229 4857 1396 4921 supplicarem

755 4957 825 5005 Nunc
834 4966 892 5003 vero
901 4951 960 5001 hors
968 4962 1045 5000 omues
1053 4938 1105 4998 cst?
1119 4946 1237 4997 citissime
1245 4944 1307 4995 mihi
1315 4945 1382 4995 intus
1390 4944 1451 4995 socii

756 5042 849 5103 adsint,
859 5044 887 5090 ut
895 5040 921 5089 iu
930 5051 986 5088 casa
994 5038 1085 5087 lautam
1091 5047 1234 5100 apperenms
1243 5045 1346 5084 mam.

787 5129 857 5182 sicui
866 5127 964 5193 quidem
973 5125 1099 5176 talialnter
1107 5120 1268 5183 sediocbant,

755 5232 829 5284 prope
838 5221 920 5268 autem
930 5227 1034 5279 suesqtue
1043 5218 1069 5265 et
1076 5213 1124 5264 riri
1132 5208 1329 5263 immusici.
