3570 5932
174 376 429 436 ΟΔΥΣΣΕΙΑΣ
454 379 486 436 Β.

89 501 245 584 ἀναπρήσας·
254 492 337 570 οἶκτος
347 503 369 561 δ’
380 500 421 561 ἕλε
430 503 494 562 λαὸν
504 503 615 563 ἅπαντα.

89 592 144 648 λλοι
155 588 202 667 μέν
211 589 306 656 πάντες
318 588 384 661 ἀκήν
394 589 465 662 ἔσαν,
476 593 535 650 οὐδέ
543 616 583 658 τις
593 592 654 665 ἔτλη

89 699 142 754 ιχον
152 673 268 753 μύθοισιν
277 674 439 756 ἀμείψασθαι
447 679 608 756 χαλεποῖσιν·

89 786 102 829 ς
112 762 140 820 δέ
149 786 194 840 μιν
203 754 253 829 οἶος
262 762 434 840 ἀμειόόμενος
442 763 599 845 προςέειπεν·

89 854 160 933 ἱμαχ’
170 854 304 935 ὑψαγόρη,
314 853 390 932 μένος
399 854 510 934 άοχετε,
520 866 594 915 ποῖον
609 857 706 931 ἔειπες,

91 941 212 1022 ἷσχύνων·
222 941 317 1009 ἐθέλοις
326 941 355 1000 δέ
363 965 393 1000 κε
404 946 496 1019 μῶμον
507 944 615 1025 ἀνάψαι.

89 1028 125 1087 ότι
137 1034 282 1111 μνηστῆρες
291 1031 402 1110 Ἀχαιῶν
412 1030 491 1088 αἴτιοί
501 1033 574 1104 εἰσιν,

89 1120 119 1188 λη
133 1117 233 1197 μήτηρ,
242 1115 261 1187 ή
269 1139 310 1174 τοι
318 1114 378 1197 πέρι
388 1115 481 1198 κέρδεα
491 1109 567 1177 οἶδεν.

89 1227 110 1284 ιρ
119 1203 204 1285 τρίτον
213 1203 282 1262 ἐστίν
292 1201 360 1274 ἔτος,
369 1203 440 1282 τάχα
451 1205 472 1262 δ’
484 1196 533 1263 εἶσι
543 1205 677 1288 τέταρτον,

89 1292 159 1369 έμόει
171 1292 250 1369 θυμδν
262 1291 298 1350 ἐνί
308 1291 445 1362 στήθεσσιν
456 1293 576 1373 Ἀχαιῶν.

92 1380 138 1456 μέν
150 1382 171 1461 ρ’
182 1379 268 1451 ίλπει,
278 1379 324 1437 καί
336 1379 478 1459 ὑπίσχεται
489 1383 562 1464 ἀνδρί
572 1382 690 1464 ἑκάστῳ,

89 1475 236 1549 ςπροῐεῑσα·
245 1465 301 1534 νόος
310 1465 338 1526 δέ
345 1470 370 1526 οί
379 1467 448 1526 ἀλλα
460 1462 573 1552 μενοινᾷ.

89 1556 132 1612 λον
144 1552 212 1612 τόνδ’
223 1553 301 1613 ἀλλον
313 1554 350 1613 ἐνὶ
359 1555 434 1637 φρεσί
446 1557 613 1639 μερμήριξεν·

89 1640 126 1713 ἔνη
136 1640 219 1720 μέγαν
228 1641 300 1700 ίστδν
310 1642 346 1700 ἐνί
356 1643 509 1725 μεγάροισιν
521 1645 636 1728 ὑφαινεν,

89 1728 126 1786 ιαί
133 1728 298 1810 περίμετρον·
309 1729 380 1812 ἄφαρ
390 1731 412 1788 δ’
424 1736 488 1808 ἡμῖν
498 1732 642 1809 μετέειπεν·

89 1815 146 1892 ἐμοί
156 1821 315 1898 μνηστῆρες,
325 1817 381 1875 ἐπεί
391 1817 451 1876 θάνε
462 1821 514 1886 διος
524 1819 681 1894 Ὀδυσσεὺς,

89 1901 250 1980 ἐπειγόμενοι
258 1904 303 1962 τὸν
312 1905 375 1982 ἐμδν
385 1904 479 1984 γάμον,
489 1906 570 1974 εἷςόκε
582 1918 661 1990 φᾶρος

89 2015 149 2047 ι-
159 1989 196 2067 μή
207 2014 251 2068 μοι
261 1991 415 2070 μεταμώνια
425 1993 522 2072 νήματ’
533 1994 676 2066 ὄληται-

89 2077 152 2159 ήρωϊ
161 2078 281 2158 ταφήϊον,
293 2082 328 2146 εἰς
336 2078 379 2138 ότε
388 2079 432 2138 κέν
444 2104 489 2158 μιν

90 2165 122 2237 υή
132 2168 257 2246 καθέλῃσι
266 2167 419 2246 τανηλεγέος
429 2167 558 2228 θανάτοιο·

89 2278 100 2310 ι
109 2252 178 2311 κατδ
190 2255 270 2331 δῆμον
280 2254 436 2334 Ἀχαιϊάδων
446 2256 581 2336 νεμεσήσῃ
592 2303 599 2326 ,

89 2363 123 2420 περ
133 2339 243 2419 σπείρου
249 2345 341 2413 κῆται,
351 2342 437 2401 πολλὰ
446 2343 610 2410 κτεατίσσας.

89 2430 111 2483 t'·
121 2433 185 2504 ἡμῖν
195 2427 217 2485 δ’
227 2420 284 2486 αὖτ’
295 2429 445 2490 ἐπεπείθετο
455 2430 534 2508 θυμδς
544 2431 658 2512 ἀγήνωρ.

89 2514 108 2573 ιλ
116 2515 217 2592 ἠματίη
228 2514 276 2593 μέν
286 2517 438 2598 ὑφαίνεσκεν
450 2519 532 2598 μέγαν
542 2518 625 2593 ίστδν,

89 2601 94 2620 ’
104 2600 254 2674 ἀλλύεσκεν,
264 2602 330 2674 ἐπήν
340 2601 430 2672 δαίδας
438 2611 589 2686 παραθεῖτο.

89 2713 123 2756 τες
132 2687 179 2766 μέν
189 2688 264 2761 ἔληθε
275 2690 343 2773 δόλῳ
353 2691 398 2750 καλ
408 2691 508 2750 έπειθεν
518 2691 647 2773 Ἀχαιούς·

89 2775 208 2857 τέτρατον
217 2768 293 2848 ήλθεν
304 2777 359 2844 ἔτος
367 2777 413 2836 καί
423 2778 551 2850 ἐπήλυθον
561 2771 643 2861 ὧραι,

90 2864 122 2935 δή
131 2888 169 2930 τις
180 2863 249 2922 ἔειπε
259 2870 397 2943 γυναικῶν,
407 2866 424 2937 ή
436 2866 507 2948 σάφα
517 2868 584 2948 ήδη,

89 2955 92 2971 ’
103 2951 249 3011 ἀλλύουσαν
259 2952 399 3034 ἐφεύρομεν
410 2954 508 3032 ἀγλαδν
517 2955 601 3015 ἱστόν·

89 3065 105 3096 ,ν
111 3039 267 3113 ἐξετέλεσσε,
272 3041 317 3099 καί
327 3043 374 3100 οὐκ
384 3040 508 3116 ἐθέλουσ’,
519 3044 561 3102 ὑπ’
571 3044 695 3125 ἀνάγκης.

89 3132 107 3185 ἴε
117 3132 263 3209 μνηστῆρες
272 3128 467 3209 ὑποκρίνονται,
475 3129 507 3187 ἵν’
518 3132 589 3212 εἰδῇς

89 3219 187 3296 sopp,
199 3217 287 3274 εἰδῶσι
296 3213 324 3274 δέ
333 3215 427 3283 πάντες
439 3216 548 3296 Ἀχαιοί.

89 3302 133 3374 τήν
144 3302 309 3384 ἀπόπεμψον,
319 3303 417 3382 ἄνωχθι
428 3303 456 3362 δέ
466 3329 510 3381 μιν
521 3305 665 3384 γαμέεσθαι

89 3413 114 3448 τε
122 3388 210 3471 πατήρ
221 3390 326 3450 κελεται
335 3392 380 3450 καί
391 3392 493 3451 ἁνδάνει
504 3395 580 3472 αὐτῇ.

89 3477 186 3547 ἀνιήσει
197 3502 226 3555 γε
236 3477 317 3537 πολὺν
326 3477 418 3559 χρόνον
428 3471 485 3547 νίας
495 3481 619 3560 Ἀχαιῶν,

89 3563 138 3621 νυσ’
148 3563 197 3621 ἀνδι
207 3565 287 3642 θυμὸν
298 3565 314 3622 it
324 3569 348 3623 οἱ
356 3564 416 3646 πέρι
427 3567 508 3625 δῶκεν
520 3566 628 3640 Ἀθήνη,

89 3651 225 3709 τίστασθαι
234 3651 394 3734 περικαλλέα
404 3653 449 3711 καὶ
459 3652 552 3735 φρένας
562 3653 668 3728 ἐσθλάς,

90 3730 138 3811 ,υἷ’
149 3738 221 3797 ούπω
231 3742 277 3797 τιν’
289 3740 417 3817 ἀκούομεν
427 3739 486 3799 οὐδὲ
495 3743 625 3814 παλαιῶν,

89 3825 162 3905 τάρος
172 3818 239 3897 ῆσαν
249 3829 438 3905 ἐϋπλοκαμῖδες
448 3827 567 3905 Ἀχαιαί,

89 3913 216 3991 Ἀλκμήνη
227 3937 255 3972 τε
265 3914 418 3996 ἐὺστέφανός
427 3939 455 3973 τε
466 3914 588 3986 Μυκήνη·

89 4025 110 4067 ις
119 4004 196 4078 ὑμοῖα
206 4001 325 4078 νοήματα
337 4000 504 4080 Πηνελοπείῃ

89 4112 98 4167 ν
108 4085 155 4164 μέν
163 4086 239 4146 τοῦτό
248 4088 272 4167 γ’
282 4089 415 4166 ἐναίσιμον
424 4091 471 4147 οὐκ
480 4087 592 4160 ἐνόησεν·

90 4200 103 4257 ρ
113 4166 157 4233 οὖν
169 4174 253 4254 βίοτόν
262 4200 290 4234 τε
299 4176 356 4234 τεὸν
367 4176 411 4235 καὶ
421 4175 533 4254 κτήματ’
544 4175 658 4251 ἔδονται,

89 4262 148 4335 ’.είνη
160 4268 250 4322 τοῦτον
260 4262 308 4342 έχῃ
319 4262 384 4335 νόον,
395 4262 482 4321 όντινά
492 4267 515 4322 oi
527 4270 572 4321 νῦν

89 4373 121 4408 ισι
130 4356 221 4408 τιθεῖσι
231 4349 291 4409 θεοί·
303 4349 371 4429 μέγα
382 4348 429 4427 μέν
439 4350 511 4417 κλέος
521 4352 588 4430 αὑτῇ

89 4435 157 4517 θτδιρ
167 4436 237 4516 σοίγε
246 4435 328 4507 ποθὴν
338 4436 429 4504 πολέος
441 4435 545 4517 βιότοιο·

89 4523 132 4582 ὥτ’
145 4525 188 4582 ἐπὶ
198 4524 260 4606 ἔργα
270 4523 351 4606 πάρος
360 4527 385 4602 γ’
395 4524 453 4602 ἴμεν
463 4524 523 4583 οὔτε
532 4548 570 4604 πῃ
581 4523 664 4604 ἀλλῃ,

89 4610 148 4682 θτήν
156 4611 292 4690 γήμασθαι
303 4613 414 4691 Ἀχαιῶν
424 4603 445 4694 ᾧ
454 4616 479 4670 κ’
489 4611 615 4691 ἐθέλῃσιν.

99 4691 132 4756 αθ
142 4699 301 4778 Τηλέμαχος
309 4698 471 4777 πεπνυμένος
481 4699 568 4758 ἀντίον
577 4697 654 4771 ηὔδα·

89 4784 173 4853 οὑπως
183 4784 237 4844 ἔστι
247 4784 334 4863 δόμων
345 4785 473 4846 ἀέκουσαν
484 4790 589 4846 ἀπῶσαι

89 4874 108 4949 f,
117 4871 135 4943 ή
145 4872 172 4949 μ’
184 4871 282 4954 ἔθρεψε·
293 4872 380 4954 πατήρ
392 4874 414 4932 δ’
424 4872 485 4951 ἐμδς
495 4873 584 4933 ἄλλοθι
594 4872 684 4953 γαίης,

89 4960 96 5030 ί
106 4959 219 5032 τέθνηκε·
230 4959 309 5019 κακὸν
319 4959 347 5018 δέ
357 4985 390 5038 με
399 4959 474 5020 πόλλ’
485 4960 616 5020 ἀποτίνειν

92 5047 122 5106 αἴ
129 5047 153 5105 κ’
163 5047 239 5115 αὑτὸς
249 5046 315 5105 ἑκὼν
325 5047 377 5106 ἀπὸ
387 5048 487 5130 μητέρα
496 5047 602 5129 πέμψω.

89 5140 126 5194 τοῦ
135 5135 233 5218 πατρὸς
241 5133 312 5195 κακδ
320 5134 457 5212 πείσομαι,
468 5135 536 5194 ἄλλα
547 5135 574 5194 δέ
585 5135 686 5214 δαίμων

89 5248 132 5283 ns.

992 381 1216 452 ¹ODYSSEAE
1241 389 1284 447 ll.
1470 405 1525 453 :lui

752 507 1034 572 lacrimssproiundens:
1051 513 1226 563 commiseratio
1235 521 1315 565 entem
1333 520 1396 582 cepit
1412 524 1526 586 popnlrnn

750 594 864 658 omnem]
875 599 942 646 'func
950 597 1021 647 ceteri
1031 599 1131 662 ,qrridem
1140 615 1224 652 omnes
1233 603 1298 653 tscitl
1307 612 1388 669 eraut,
1400 622 1445 658 nec
1457 611 1526 673 quis·

750 695 822 743 quam
830 683 960 747 sususcst]
970 685 1113 737 Telemacho
1121 688 1201 738 verbis
1211 692 1353 751 respondere
1361 696 1465 758 esperis;

750 769 866 820 Antinous
875 782 933 820 vero
940 770 1019 835 ipsum
1028 773 1094 823 solus
1106 775 1254 838 respondens
1263 778 1441 831 allocutusest:

781 856 921 908 Telemacho
930 857 1055 923 altiloquo,
1068 861 1141 910 enimi
1154 862 1287 925 impotens,
1297 867 1356 928 quid
1368 867 1512 930 loeutusos,

749 957 792 993 nos
801 944 958 995 dedeoorsusl
969 947 1007 996 vis
1017 960 1073 995 vero
1083 947 1155 996 nobis
1163 951 1281 999 maculam
1291 952 1384 1003 inferre.

748 1029 802 1078 Tibi
811 1033 890 1078 nutem
899 1030 1037 1092 neutiquam
1046 1032 1112 1094 proci
1121 1035 1266 1085 Achivorum
1275 1038 1383 1090 incenso
1390 1047 1461 1102 sunt,

749 1115 791 1164 sed
800 1121 951 1178 commater,
961 1131 1016 1180 quoe
1026 1131 1083 1169 sane
1092 1132 1208 1184 perosum
1217 1126 1337 1177 versutius
1346 1128 1425 1179 mllet.

748 1206 801 1253 Jum
811 1205 875 1254 enim
886 1204 971 1255 tertius
980 1210 1113 1268 estsmurs,
1124 1207 1219 1272 citoque
1228 1210 1303 1263 aderit
1312 1220 1427 1277 querius,
1470 1270 1471 1273 ,

747 1303 777 1340 ex
787 1305 836 1353 quo
844 1292 919 1342 eludit
928 1293 1033 1342 culinum
1045 1294 1069 1343 in
1076 1296 1213 1357 pectoribus
1223 1299 1380 1358 Acbivonim,

748 1381 839 1427 Omnes
848 1379 945 1441 quidem
954 1382 1126 1444 spermelecit,
1136 1388 1161 1433 et
1167 1385 1285 1448 promittit
1295 1388 1355 1440 viris
1362 1390 1477 1456 singuiis,

746 1465 842 1515 nuntios
851 1467 947 1516 mittens
953 1484 961 1528 ;
970 1481 1039 1518 meus
1048 1473 1128 1520 eutem
1137 1471 1159 1521 el
1168 1471 1214 1521 ulie
1222 1474 1318 1536 spur.

746 1556 801 1615 ipsa
808 1566 864 1602 vero
873 1554 954 1605 dolum
964 1555 1028 1605 bunc
1037 1556 1110 1606 ubum
1119 1558 1144 1607 in
1152 1565 1232 1611 mente
1241 1563 1388 1626 excogitavit
1397 1579 1405 1615 ε

745 1654 830 1690 exorsu
839 1655 948 1704 msgnmr
955 1643 1027 1693 telum
1036 1645 1061 1693 in
1069 1645 1164 1696 aedibus
1172 1649 1282 1710 texebat,

746 1729 859 1779 subtilem
867 1734 893 1780 et
901 1729 1043 1781 immensum
1049 1749 1057 1793 ;
1067 1733 1228 1798 continuoque
1237 1750 1282 1787 nos
1291 1737 1456 1791 allocutsest:

741 1815 858 1893 invenes,
869 1817 915 1867 mei
923 1819 988 1881 procl
996 1855 1003 1879 ,
1012 1819 1207 1883 quandoquidem
1213 1823 1272 1873 obiit
1281 1824 1379 1877 divinus
1389 1827 1502 1891 Ulysses,

744 1908 853 1965 manete,
865 1909 976 1967 urgentes
984 1919 1050 1955 mess
1059 1908 1169 1970 nuptias,
1179 1909 1256 1961 donec
1265 1916 1359 1963 vestem

743 1991 863 2053 perfecero
873 1991 917 2054 (ne
924 1993 982 2042 mihi
993 2006 1055 2043 vens
1064 1994 1104 2043 lde
1113 1996 1227 2059 pereunt)

743 2079 821 2127 Lserti
831 2078 897 2128 heroi
906 2078 1077 2143 sepulcralem,
1087 2081 1112 2130 in
1123 2085 1223 2146 tempus
1231 2098 1280 2147 quo
1288 2086 1369 2149 ipsum

743 2164 818 2213 letum
827 2165 896 2216 triste
904 2166 1029 2218 abstulerit
1038 2167 1274 2230 longum-sternentis
1283 2174 1368 2224 mortis
1378 2191 1386 2236 ;

742 2265 831 2314 nouus
839 2265 878 2303 me
888 2252 912 2302 in
921 2256 1010 2318 populo
1018 2256 1302 2309 mulierum-Acblvsrum
1311 2260 1407 2325 culpet,

742 2340 763 2387 si
771 2339 861 2403 absque
868 2345 1005 2404 tegumento
1012 2343 1103 2405 ineest,
1113 2346 1190 2395 mults
1199 2347 1366 2410 quvi-possedit.

741 2427 780 2476 Sic
789 2426 835 2488 elt;
842 2427 976 2479 nobisvero
985 2431 1040 2481 inde
1049 2432 1494 2504 elobseeutrisestsnimusgenemsns.

742 2518 820 2577 Atque
829 2515 862 2565 ibi
871 2516 976 2568 interdiu
988 2518 1084 2581 quidem
1092 2521 1189 2570 terebat
1199 2534 1307 2584 magnam
1319 2524 1404 2586 oebm,

740 2606 873 2663 per-noctes
881 2616 939 2653 vero
944 2604 1099 2668 dissolvebat,
1109 2609 1305 2671 postquamtsces
1314 2610 1523 2675 sibi-apposuerat.

740 2689 780 2738 sic
788 2689 890 2740 biennio
899 2692 996 2754 quidem
1006 2692 1095 2743 latebat
1103 2694 1172 2756 dolo,
1181 2700 1206 2746 et
1215 2698 1374 2760 persuadebst
1384 2701 1482 2750 Achivis
1493 2717 1498 2750 :

741 2776 784 2825 sed
792 2790 867 2840 quum
874 2783 973 2842 qusrtrrs
981 2780 1047 2830 venit
1056 2794 1147 2843 mnus,
1157 2787 1181 2832 et
1190 2782 1338 2835 advenerunt
1347 2786 1427 2848 nors,

741 2869 793 2914 tum
802 2879 859 2916 vero
868 2867 966 2919 demum
975 2869 1055 2932 dique
1064 2869 1126 2918 dixit
1136 2871 1279 2933 mulierum,
1289 2886 1345 2935 quse
1354 2873 1415 2924 bene
1425 2881 1508 2937 norst,

739 2959 764 3006 et
773 2956 850 3018 ipsum
859 2956 1031 3007 dissolventem
1040 2958 1176 3009 invenimus
1185 2959 1292 3023 pulcram
1304 2961 1385 3011 telum.

739 3043 778 3091 Sic
787 3056 839 3093 eam
848 3044 945 3106 quidem
955 3044 1066 3108 perfecit,
1075 3045 1148 3095 etiem
1157 3045 1256 3108 nolens,
1265 3060 1309 3110 per
1318 3049 1496 3101 necessitatem.

739 3130 792 3180 'fibi
803 3145 860 3181 vero
869 3132 904 3182 sie
912 3133 978 3196 proci
987 3131 1146 3196 respondent,
1157 3137 1185 3184 ut
1193 3133 1257 3184 scius

739 3218 790 3280 ipse
799 3225 841 3270 tuo
850 3220 944 3279 animo,
955 3220 1078 3283 sciuntque
1087 3233 1171 3270 omnes
1180 3221 1275 3272 Achivi.

739 3309 839 3356 Matrem
849 3312 915 3356 tuem
924 3307 1098 3369 dimitte;Jube
1107 3313 1189 3358 sutem
1198 3309 1276 3372 ipsam
1285 3310 1376 3361 nubere
1473 3319 1477 3327 '

738 3394 786 3455 illi,
794 3395 927 3459 cuicunque
936 3395 1124 3458 pateriusserit,
1134 3401 1159 3447 et
1168 3401 1214 3461 qut
1224 3399 1340 3462 placuerit
1350 3401 1404 3463 ipsi.

738 3481 762 3531 Si
771 3495 829 3532 vero
837 3482 916 3532 adbuc
925 3483 1024 3533 vexabit
1032 3485 1108 3533 multo
1118 3489 1223 3558 tempore
1232 3484 1294 3535 tilios
1303 3487 1462 3548 Achivorum,

737 3583 765 3620 es
774 3571 880 3634 cogitans
888 3572 914 3621 in
922 3572 1016 3633 animo,
1026 3587 1081 3635 qnae
1090 3573 1113 3622 ei
1122 3572 1217 3623 sbunde
1227 3573 1294 3623 dedit
1303 3577 1425 3638 Minerva,

736 3672 855 3722 operaque
864 3660 924 3709 scire
934 3660 1081 3722 praepulcrn,
1093 3664 1118 3710 et
1127 3664 1232 3710 mentem
1241 3661 1344 3723 bonurn,

736 3749 761 3794 et
770 3745 901 3806 versutias,
911 3746 994 3809 quoles
1004 3746 1111 3797 noudum
1121 3747 1337 3799 ullamsudivimus
1346 3764 1391 3800 nec
1401 3756 1521 3814 veterum,

736 3846 818 3882 esrum
827 3846 882 3896 qum
891 3833 949 3882 olim
958 3834 1055 3883 inerunt
1063 3834 1237 3898 pulcrlsoomis
1245 3836 1360 3898 bobine,

736 3923 859 3983 syroque,
868 3920 1043 3984 Alcmeneque,
1059 3923 1428 3988 pulcroniquecoronem·ssereos
1441 3929 1521 3990 Myce·

735 4020 766 4058 ne
777 4008 794 4072 z]
803 4009 887 4058 berum
896 4009 961 4059 nulls
970 4010 1058 4060 similia
1066 4015 1201 4061 commento
1209 4012 1336 4076 Penelope

735 4101 804 4145 norat
814 4111 820 4144 ε
831 4102 857 4146 st
866 4097 912 4147 boc
920 4097 1018 4161 quidem
1029 4099 1130 4161 probum
1140 4113 1188 4150 uon
1196 4100 1311 4161 cogitavit
1322 4115 1329 4148 z

736 4183 826 4235 mmdiu
835 4185 906 4246 igitur
914 4186 1054 4247 victumque
1065 4190 1132 4236 tuum
1142 4190 1167 4236 et
1175 4186 1239 4236 bonu
1247 4187 1332 4248 edent,

735 4272 849 4334 qrmmdiu
858 4272 898 4322 illo
908 4274 971 4322 bunc
981 4274 1198 4335 babebitmlmum,
1208 4288 1281 4337 quern
1290 4275 1324 4325 illi
1331 4289 1395 4325 nunc

734 4359 759 4409 in
768 4360 904 4423 pectoribus
913 4374 1014 4424 posuere
1023 4361 1058 4411 dil
1069 4377 1075 4409 ι
1087 4375 1198 4424 magnum
1207 4362 1305 4425 quidem
1314 4363 1413 4424 glorium
1423 4363 1470 4414 sibi

733 4453 867 4512 comperet,
875 4453 901 4498 st
910 4448 953 4498 tibi
961 4448 1107 4500 desiderium
1117 4449 1186 4499 multi
1195 4449 1275 4499 victus
1286 4449 1464 4513 (diuitiarum)
1477 4466 1484 4500 ε

734 4537 923 4587 nosveronecad
932 4537 1295 4600 negorianostrapnnsibimus,
1303 4538 1517 4600 necusqusmslio,

732 4629 860 4688 animuum
869 4625 921 4688 ipss
928 4626 1035 4688 nupserit
1045 4626 1191 4676 Achivorum
1199 4624 1333 4688 cuicunque
1342 4625 1453 4676 voluerit.

763 4716 1006 4764 Huncuutemrnrsus
1016 4711 1373 4775 Telemscbnsprndeuscontrs
1382 4713 1508 4765 allocutus·

731 4805 768 4849 est
773 4800 789 4864 z]
795 4801 904 4862 AutInoe,
910 4799 1054 4850 nullomodo
1063 4799 1146 4848 lesest
1150 4797 1282 4850 eseedibus
1287 4799 1387 4850 invitum
1397 4801 1516 4864 erpellere

730 4900 786 4950 quoe
795 4901 834 4938 me
842 4887 942 4950 peperit,
951 4899 1006 4949 qum
1015 4899 1054 4935 me
1066 4885 1195 4945 enutrivlt3
1204 4889 1272 4949 peter
1280 4889 1360 4937 sutem
1375 4900 1444 4937 meus
1457 4888 1515 4938 olibi

732 4974 820 5039 terrim]
830 4975 892 5024 vivit
899 4974 948 5034 ille,
954 4974 994 5023 vel
1004 4973 1455 5026 mortunsestzdurumveromemultu
1464 4975 1515 5025 red·

729 5062 799 5126 dere]
809 5061 899 5123 Icario,
907 5061 928 5110 si
936 5060 987 5124 ipse
996 5060 1081 5111 volens
1089 5064 1190 5110 matrem
1198 5059 1320 5112 dimisero.

729 5157 766 5203 lix
775 5155 841 5215 petre
850 5150 915 5200 enim
925 5149 987 5199 mole
997 5149 1083 5213 potiar,
1094 5149 1186 5213 alisque
1195 5148 1256 5200 dens

1310 5258 1316 5269 ·
1390 5241 1417 5279 ro
