3570 5932
95 363 120 433 6
670 354 941 436 l’llAEFATIO.

92 496 224 568 veteris
245 507 363 566 textus
380 499 485 593 graeci
501 496 605 587 vitia,
623 509 660 567 et
676 494 743 567 alia
760 495 924 592 quaedam
945 520 989 568 ex
1004 499 1224 569 vertentium
1246 504 1384 570 incuria
1406 515 1507 586 nata,

94 610 251 710 plurima
267 608 424 707 denique
440 614 477 681 in
501 613 545 681 iis
563 608 750 682 vocabulis
768 615 977 699 commissa,
995 635 1076 707 quae
1096 614 1337 684 recentiorum
1358 612 1507 685 demum

95 727 304 795 criticorum
327 737 364 794 et
385 727 626 822 interpretum
647 722 806 797 sollertia
828 724 1010 824 explicuit.
1036 728 1079 799 Iu
1103 731 1294 824 postremis
1313 729 1364 799 ita
1378 732 1508 799 versati

96 863 240 928 sumus,
253 852 313 925 ut,
326 860 407 936 quae
424 837 652 912 dubitatione
667 862 789 911 carere
801 851 837 911 et
850 836 965 912 firmis
978 843 1045 912 niti
1060 822 1273 913 testimoniis
1285 842 1508 931 viderentur,

98 976 140 1024 ea
160 951 257 1025 haud
278 967 491 1025 cunctanter
512 968 866 1052 repraesentaremus3
888 969 925 1025 at
947 953 1011 1025 ubi
1034 953 1270 1027 dubitationis
1290 954 1424 1054 aliquid
1447 981 1507 1026 su·

98 1082 277 1166 peresset,
298 1091 535 1164 sequeremur
558 1072 680 1168 potius
705 1071 939 1165 antiquorum
963 1071 1296 1168 interpretationem
1322 1096 1402 1142 earn
1428 1096 1508 1168 quae

98 1188 284 1255 sententiae
302 1187 486 1282 aptissima
503 1198 605 1255 esset.
625 1189 703 1256 Hoc
726 1198 846 1256 autem
865 1188 1059 1283 praesertim
1080 1188 1168 1255 enisi
1188 1210 1314 1256 sumus
1336 1200 1507 1282 utquam

94 1302 260 1397 proxime
278 1312 401 1397 posset
417 1299 527 1371 latina
545 1297 667 1395 lingua
683 1301 890 1370 Graecorum
907 1300 1055 1395 vestigia
1069 1299 1286 1396 legeremus,
1307 1324 1382 1396 quo
1396 1304 1509 1398 patris

97 1425 289 1513 poetarum
307 1401 473 1485 membra
486 1424 523 1485 et
537 1422 659 1483 motus
676 1435 819 1503 omnes,
832 1424 1010 1511 quantum
1027 1433 1093 1513 per
1109 1413 1257 1485 latinam
1275 1428 1408 1486 vestem
1424 1414 1509 1486 lice-

95 1528 177 1620 bat,
194 1531 440 1631 conspiciendi
455 1529 720 1630 praeberentur3
735 1528 797 1603 sed
815 1531 851 1599 in
868 1527 929 1599 tali
940 1531 1086 1626 incepto
1100 1554 1175 1600 non
1192 1533 1313 1627 potuit
1325 1528 1506 1627 impediri,

94 1649 185 1743 quin
209 1644 386 1720 nonnulla
412 1669 494 1743 quae
518 1648 696 1716 rarissime
721 1643 790 1716 sibi
818 1642 1046 1717 induberunt
1071 1642 1201 1729 latini,
1223 1644 1299 1716 baec
1322 1646 1507 1717 translatio

97 1759 229 1833 offerat
249 1760 560 1858 frequentissime,
582 1759 757 1835 nonnulla
777 1756 885 1830 etlam
911 1781 991 1855 quae
1015 1771 1219 1855 argenteam
1241 1773 1381 1832 aetatem
1406 1784 1507 1856 egre·

96 1875 261 1964 diuntur,
282 1877 394 1973 recipi
413 1897 559 1946 necesse
580 1884 683 1946 erat:
709 1897 728 1945 a
744 1870 907 1944 barbaris
926 1885 1047 1944 tamen
1064 1871 1183 1943 verbis
1203 1885 1240 1944 et
1260 1872 1507 1945 locutionibus

98 1987 225 2060 sedulo
242 1991 413 2060 cavimus.
426 1992 497 2079 Ita,
510 1988 694 2060 veteribus
708 1984 792 2061 licet
806 1998 1068 2085 superstructa,
1082 1986 1157 2059 haec
1173 1992 1422 2087 interpretatio
1438 2013 1507 2088 pro

101 2126 194 2174 nova
210 2127 287 2175 esse
302 2106 426 2203 possit.

145 2221 297 2315 Hymnis
324 2226 361 2290 et
384 2212 715 2315 Epigrammatibus
736 2218 884 2288 Homeri
906 2220 1054 2289 nomine
1079 2221 1260 2318 inscriptis
1286 2216 1507 2314 subjecimus

104 2333 204 2430 Cycla·
231 2335 325 2431 epici
341 2331 552 2432 fragmenta
579 2359 590 2402 .·
627 2335 665 2405 in
690 2329 826 2429 quibus
858 2335 955 2403 varie
995 2347 1155 2403 erratum
1193 2348 1289 2422 erat,
1312 2343 1505 2430 antequam

98 2454 135 2519 F.
159 2453 203 2521 G.
226 2453 423 2520 Wencxsnr
451 2448 615 2521 doctrina
633 2456 671 2520 et
690 2460 879 2547 poetarum
902 2459 1065 2518 veterum
1090 2447 1330 2544 mythicaeque
1350 2448 1508 2520 historia

94 2565 254 2661 cognitio
279 2567 409 2635 emmiu
439 2561 591 2661 Cyclum
622 2586 772 2660 quoque
796 2561 843 2634 ab
869 2563 969 2635 omni
991 2572 1094 2661 parte
1116 2562 1324 2651 illustraret,
1353 2567 1388 2634 in
1411 2563 1506 2634 libro

94 2679 301 2774 germanice
323 2680 476 2775 scripto,
498 2676 625 2773 Cyclas
648 2678 768 2773 epirus
790 2681 863 2747 sive
887 2681 1068 2748 Homerici
1085 2694 1223 2776 poetae,
1247 2682 1378 2749 Bonnae
1403 2677 1503 2749 1835.

94 2790 152 2863 lbi
170 2791 290 2862 videas
311 2795 470 2891 exposita
490 2802 703 2888 argumenta
726 2794 843 2862 nostri
861 2796 1064 2864 carminum
1085 2806 1121 2863 et
1139 2792 1426 2890 fragmentorum
1444 2817 1504 2863 or·

94 2907 208 2996 dinis,
225 2911 288 3002 qui
305 2906 413 3003 longe
429 2903 554 2976 differt
571 2928 592 2975 a
611 2907 732 3002 priore
743 2903 966 2978 Collectione
981 2910 1016 2977 C.
1032 2911 1075 2978 G.
1090 2907 1234 2977 Mulieri
1250 2907 1360 3007 (Lips.
1379 2907 1504 3005 1829);

95 3036 265 3119 praeterea
283 3021 365 3120 plus
386 3023 514 3118 viginti
535 3017 737 3118 fragmenta
752 3018 848 3118 apud
865 3045 933 3091 nos
955 3023 1131 3111 invenias,
1145 3047 1225 3120 quas
1242 3025 1279 3092 in
1295 3022 1354 3093 illa
1373 3020 1509 3093 deside·

98 3148 236 3209 rantur.
245 3134 464 3207 Thebaidem
482 3157 527 3204 ex
546 3138 590 3204 E.
608 3138 645 3204 L.
663 3135 856 3223 humeldi,
870 3139 1000 3236 Cypria
1014 3140 1172 3209 carmina
1187 3163 1229 3208 ex
1247 3143 1290 3208 Il.
1308 3144 1339 3207 J.
1357 3141 1396 3208 F.
1411 3140 1508 3208 Hen-

97 3252 267 3322 riclrsenii
288 3249 569 3327 collectionibus
595 3249 791 3349 (Gottingae
815 3251 924 3339 1830,
947 3264 982 3321 et
1009 3254 1153 3323 Havniae
1181 3252 1287 3349 1828)
1314 3257 1507 3349 recognitis

99 3371 351 3466 expressimus.
599 3357 607 3378 '

143 3487 310 3580 Denique
326 3482 461 3554 indices
476 3485 688 3555 Homericos
701 3504 818 3578 quum
832 3483 1207 3579 circumspiceremus,
1227 3481 1368 3553 nullum
1385 3486 1505 3581 potui-

98 3623 180 3670 mus
193 3598 354 3669 invenire
367 3600 432 3695 qui
449 3602 582 3670 nostris
599 3595 727 3668 usibus
743 3595 993 3694 responderet3
1012 3596 1108 3667 solus
1121 3600 1309 3668 Dammius
1323 3601 1359 3666 in
1378 3612 1505 3696 «parte

96 3714 203 3785 realis
220 3713 317 3786 idem
340 3711 414 3784 lere
431 3712 537 3784 nobis
558 3710 749 3784 consilium
764 3724 910 3781 secutus
923 3725 1020 3781 erat:
1039 3725 1075 3781 at
1093 3710 1407 3807 quam'incondita
1426 3711 1503 3782 haec

95 3826 257 3925 farrago!
287 3851 399 3925 quam
415 3826 533 3925 longis
549 3839 585 3898 et
603 3824 748 3896 insulsis
769 3822 1078 3923 disputationibus
1095 3827 1131 3895 in
1149 3828 1363 3894 immensum
1381 3823 1504 3896 aucta!

98 3939 351 4031 nihilominus,
374 3941 476 4039 quod
492 3945 530 4011 in
552 3955 650 4012 tanta
670 3938 766 4011 mole
786 3943 846 4010 vix
862 3939 1007 4029 credas,
1027 3938 1160 4011 desunt
1180 3963 1445 4036 nonnunquam
1465 3965 1507 4011 ea

99 4062 177 4155 ipsa
197 4080 277 4153 quoe
299 4060 336 4127 in
360 4056 479 4128 indice
499 4056 693 4127 Homerico
710 4076 865 4153 quaeras,
889 4068 1060 4154 praeterea
1081 4057 1187 4125 resin
1205 4058 1357 4152 Hymnis
1378 4071 1414 4126 et
1428 4059 1511 4153 Epi·

97 4171 363 4271 grammatibus
384 4184 602 4243 memoratas
628 4169 796 4242 consulto
827 4173 1008 4242 omiserat.
1036 4173 1126 4261 Quae
1155 4196 1270 4267 quum
1297 4176 1347 4242 ita
1375 4186 1511 4260 essent,

100 4312 250 4388 prorsus
272 4312 409 4360 novum
432 4287 589 4359 indicem
608 4311 684 4357 non
703 4288 779 4359 sine
797 4310 928 4383 magno
948 4285 1072 4357 labore
1091 4284 1321 4357 condidimus
1343 4288 1427 4384 ipsi,
1450 4290 1508 4357 cui

100 4429 141 4475 ea
161 4427 311 4501 quoque
327 4405 462 4474 inserta
479 4403 574 4499 leges
590 4426 671 4498 quac
687 4424 730 4472 ex
747 4399 856 4499 Cyclo
872 4400 977 4472 nobis
993 4415 1129 4473 servata
1144 4415 1239 4472 sunt.

148 4518 340 4615 Reliquum
365 4531 436 4606 est,
462 4530 503 4588 ut
523 4523 595 4605 Tu,
617 4514 791 4587 benevole
808 4518 955 4605 Lector,
975 4539 1122 4614 operam
1144 4515 1229 4586 huic
1248 4514 1423 4587 volumini
1441 4516 1508 4585 im·

101 4654 251 4731 pensam
273 4658 378 4731 aequo
397 4634 523 4704 animo
541 4631 629 4702 boni
648 4629 824 4702 consulas.
840 4631 928 4702 Vale
945 4629 1123 4727 nobisque
1140 4628 1228 4701 lave.

193 4871 326 4946 Parisiis,
341 4871 437 4934 idibus
450 4866 629 4935 Octobribus
640 4890 852 4931 uncccxxxvu.
