3570 5932
299 456 548 518 ΟΔΥΣΣΕΙΑΣ
574 457 605 515 Σ.

114 591 198 646 αἰῶνα
207 587 332 669 φθινύθω,
342 586 431 653 πόσιος
438 586 566 646 ποθέουσα
576 585 659 668 φίλοιο

55 697 99 735 arro
112 675 240 747 παντοίην
251 676 354 757 ἀρετήν·
365 675 421 734 ἐπεὶ
431 674 517 754 ἔξοχος
526 667 571 746 ήεν
582 676 701 754 Ἀχαιῶν.

153 766 207 833 Ὣς
216 762 318 847 φαμένη
329 762 461 822 κατέόαιν’
471 762 586 845 ὑπερώϊα
596 761 762 841 σιγαλόεντα,

114 855 163 912 οὐκ
171 852 222 925 οἴη·
234 853 289 929 ἅμα
298 856 361 930 τῇγε
373 850 418 908 καί
429 849 573 931 ἀμφίπολοι
583 848 621 908 δύ’
632 848 733 908 έποντο.

112 941 149 1001 Ἦ
160 940 182 999 δ’
191 938 234 998 ὅτε
245 939 276 1011 δή
287 943 438 1019 μνηστῆρας
447 937 554 1018 ἀφίκετο
564 939 606 995 δῖα
617 939 756 1015 γυναικῶν,

114 1032 164 1099 στῆ
176 1032 207 1110 ρα
217 1025 290 1107 παρδι
300 1025 415 1102 σταθμὸν
423 1023 509 1103 τέγεος
518 1021 589 1082 πύκα
599 1031 730 1098 ποιητοῖο,

54 1136 100 1176 ato
114 1115 180 1174 σ’ίντα
190 1113 322 1195 παρειάων
333 1113 447 1192 σχομένη
457 1111 556 1193 λιπαρίι
566 1111 710 1193 κρήδεμνα·

113 1203 260 1285 ἀμφίπολος
270 1202 291 1260 δ’
302 1200 353 1282 ἄρα
363 1205 387 1259 οἱ
396 1199 472 1272 κεδνὴ
484 1199 604 1281 ἑκάτερθε
614 1197 740 1280 παρέστη.

112 1292 205 1352 Τῶνδ
212 1293 289 1348 αὐτοῦ
295 1286 560 1369 λύτογούνατ’,έρῳδ’
568 1285 619 1367 ἀρα
626 1284 705 1364 θυμὸν
712 1286 840 1366 ἔθελχθεν·

111 1378 209 1444 πάντες
219 1379 240 1436 δ’
250 1376 382 1459 ἠρήσαντο
391 1374 475 1455 παραὶ
483 1373 602 1454 λεχέεσσι
612 1376 740 1445 κλιθῆναι.

112 1466 149 1526 Ἦ
159 1466 181 1524 δ’
192 1457 226 1523 ιιῦ
235 1463 394 1543 Τηλέμαχον
403 1460 585 1543 προςεφώνεεν,
594 1460 623 1520 δν
634 1460 708 1542 φίλον
718 1459 780 1519 υίόν·

55 1574 99 1614 215
152 1551 303 1632 Τηλέμαχ’,
313 1549 399 1610 οὐκέτι
410 1573 449 1608 τοι
460 1548 548 1629 φρένες
558 1547 666 1626 ἔμπεδοι
675 1545 734 1608 οῦδὲ
743 1546 839 1625 νόημα·

111 1650 176 1707 παῖς
185 1640 219 1698 ἔτ’
231 1638 279 1698 ἐὼν
288 1638 333 1697 καὶ
342 1640 441 1715 μᾶλλον
452 1637 488 1694 ot
498 1635 573 1718 φρεσὶ
582 1634 665 1716 κέρδε’
676 1632 787 1713 ἐνώμας·

110 1736 156 1788 νῦν
167 1729 199 1801 δ’,
210 1727 251 1786 ὅτε
261 1727 292 1799 δή
305 1725 386 1805 μέγας
395 1724 451 1783 toul
461 1725 506 1782 καὶ
516 1723 583 1795 ήὸης
593 1722 687 1804 μέτρον
696 1722 808 1797 ίκάνεις,

111 1817 159 1876 καί
167 1816 213 1875 κέν
222 1840 260 1883 τις
268 1815 332 1898 φαίη
342 1814 416 1893 γόνον
424 1811 534 1891 ἔμμεναι
545 1812 633 1871 όλ6ίου
644 1811 748 1893 ἀνδρός,

111 1908 137 1973 ἐς
146 1904 252 1983 μέγεθος
261 1903 307 1962 καὶ
316 1902 410 1968 κάλλος
420 1899 561 1983 ὁρώμενος,
571 1898 704 1980 ἀλλότριος
712 1899 778 1981 φώς,

58 2014 98 2054 tao
111 1992 198 2051 οὐκέτι
207 2015 246 2050 τοι
257 1989 344 2072 φρένες
356 1989 419 2047 εἰσὶν
429 1987 557 2065 ἐναίσιμοι
567 1986 625 2045 οὐδὲ
634 1984 729 2063 νόημα.

111 2073 177 2141 Οἶον
187 2079 218 2151 δή
228 2078 285 2139 τόδε
296 2077 369 2159 ἔργον
380 2076 417 2135 ἐνὶ
428 2074 578 2156 μεγάροισιν
589 2073 700 2154 ἐτύχθη,

111 2167 194 2234 θετὸν
203 2166 282 2236 ξεῖνον
292 2165 371 2231 ἔασας
380 2162 577 2240 ἀεικισθήμεναι
586 2160 662 2220 οῦτω.

110 2258 176 2322 Πῶς
184 2261 242 2326 νῦν;
252 2253 276 2312 εί
283 2278 308 2312 τι
318 2252 409 2323 ξεῖνος,
418 2254 444 2310 έν
454 2248 603 2331 ἡμετέροισι
613 2247 729 2327 δόμοισιν

97 2341 208 2422 ἥμενος,
218 2333 268 2400 ὧδε
277 2340 356 2399 πάθοι
367 2336 525 2421 ῥυστακτύος
534 2336 559 2406 ἕξ
570 2338 719 2415 ἀλεγεινῆς,

58 2451 97 2490 ns
111 2429 153 2490 σοί
164 2429 188 2487 κ’
199 2420 289 2508 αἶσχος
298 2426 371 2499 λώόη
381 2450 410 2484 τε
420 2424 476 2504 μετ’
486 2423 644 2506 ἀνθρώποισι
653 2423 767 2484 πέλοιτο.

152 2517 210 2588 Τὴν
220 2518 242 2574 δ’
252 2506 286 2574 σύ
296 2513 454 2593 Τηλέμαχος
464 2509 627 2589 πεπνυμένος
637 2509 722 2570 ἀντίον
730 2509 807 2583 ηύδα·

112 2610 196 2686 μῆτερ
206 2601 256 2680 ἐμή
263 2648 271 2674 ,
279 2602 309 2659 τὸ
320 2599 366 2678 μέν
376 2599 405 2659 ού
416 2623 444 2658 σε
453 2604 621 2677 νεμεσσῶμαι
631 2601 802 2678 κεχολῶσθαι·

112 2692 196 2773 αὐτὰρ
205 2690 256 2770 ἐγώ
265 2693 339 2770 θυμῷ
348 2687 411 2747 νοέω
420 2687 465 2746 καῖ
475 2677 532 2745 οἶδα
542 2686 655 2759 έκαστα,

112 2777 193 2839 tollet
202 2802 231 2836 τε
240 2777 285 2835 καῖ
294 2774 327 2834 cd
336 2774 435 2856 χέρεια·
444 2772 558 2856 πάροςδ
568 2773 606 2832 ἔτι
615 2773 706 2845 νήπιος
714 2766 760 2846 ήα·

55 2889 99 2929 ato
112 2865 181 2927 ἀλλά
191 2866 267 2925 τοιού
278 2863 390 2941 δύναμαι
399 2860 551 2940 πεπνυμένα
560 2861 648 2921 πάντα
658 2867 760 2934 νοῆσαι·

107 2958 139 3014 ἐκ
148 2952 199 3034 γάρ
212 2976 244 3030 με
253 2950 413 3022 πλήσσουσι,
422 2950 568 3031 παρήμενοι
578 2950 685 3010 σίλλοθεν
696 2951 786 3025 σίλλος,

112 3041 167 3100 οἵδε
176 3037 246 3097 κακά
258 3036 404 3119 φρονέοντες
415 3083 423 3110 ,
434 3037 492 3116 ἐμοὶ
502 3037 523 3096 δ’
533 3040 580 3097 οῦκ
589 3037 653 3096 eloh
663 3038 769 3118 ἀρωγοί.

112 3131 155 3188 Οὐ
166 3126 213 3205 μέν
222 3148 262 3184 τοι
272 3124 351 3194 ξείνου
360 3148 390 3203 γε
399 3125 445 3183 καί
454 3123 525 3203 Ἰρου
536 3126 622 3203 μῶλος
631 3124 726 3203 ἐτύχθη

114 3215 270 3296 μνηστήρων
279 3212 371 3285 ἰότητι·
384 3212 428 3293 βίη
439 3211 460 3271 δ’
470 3211 514 3290 ὅγε
525 3211 644 3294 φέρτερος
653 3204 707 3284 ήεν.

53 3325 99 3364 asa
113 3301 150 3364 ht
158 3301 222 3381 γὰρ,
232 3305 282 3361 Ζεῦ
291 3323 320 3359 τε
329 3298 412 3381 πάτερ
422 3299 467 3358 καῖ
476 3299 598 3372 Ἀθηναίη
608 3296 654 3357 καί
663 3296 800 3372 Ἄπολλον,

109 3390 178 3452 οὕτω
187 3397 231 3448 νῦν
242 3393 386 3470 μνηστῆρες
395 3391 422 3446 έν
431 3387 580 3470 ἡμετέροισι
590 3386 706 3465 δόμοισιν

113 3477 210 3537 νεύοιεν
219 3474 348 3558 κεφαλάς,
359 3474 528 3553 δεδμημένοι,
538 3477 562 3533 σί
572 3471 619 3551 μέν
629 3477 655 3533 ἐν
665 3476 749 3554 αθλῇ,

113 3568 138 3624 οἱ
149 3565 170 3622 δ’
181 3563 283 3623 ἔντοσθε
293 3562 395 3640 δόμοιο,
405 3565 497 3621 λελῦτο
507 3559 534 3620 δέ
544 3570 605 3640 γυῖα
616 3561 742 3634 ἑκάστου,

112 3657 150 3719 ῶς
158 3658 202 3710 νῦν
210 3643 279 3733 Ἰρος
288 3654 383 3718 ἐκεῖνος
391 3650 430 3708 ἐπ’
441 3649 560 3729 αὐλείῃσι
570 3648 677 3731 θύρῃσιν

54 3762 100 3803 ato
113 3733 195 3814 ἧσται
204 3739 349 3807 νευστάζων
358 3741 475 3819 κεφαλῇ,
486 3735 606 3815 μεθύοντι
615 3735 718 3808 ἐοικὼς,

112 3827 168 3887 οὐδ’
178 3829 250 3907 ὀρθὸς
259 3831 351 3897 στῆναι
362 3823 469 3882 δύναται
478 3823 555 3883 ποσλν
565 3821 624 3882 οὐδὲ
634 3821 736 3881 νέεσθαι

112 3913 206 3986 οἴκαδ’,
216 3911 267 3984 ὅπη
277 3915 300 3971 σί
310 3910 407 3978 νόστος·
420 3911 477 3969 ἐπεὶ
486 3911 549 3993 φίλα
559 3919 620 3989 γυῖα
630 3908 760 3969 λέλυνται.

154 4000 204 4067 Ὣς
212 4003 235 4059 οί
244 3999 291 4076 μὲν
299 4005 407 4058 τοιαῦτα
417 3999 481 4080 πρὸς
491 3998 620 4071 ἀλλήλους
629 3996 761 4079 ἀγόρευον.

113 4086 274 4171 Εὐρύμαχος
284 4088 306 4146 δ’
318 4086 421 4146 ἐπέεσσι
430 4086 560 4168 προςηύδσι
570 4084 762 4158 Πηνελόπειαν·

55 4197 100 4238 ato
156 4173 246 4256 Κούρη
256 4174 391 4256 Ἰκαρίοιο,
401 4173 524 4255 περίφρον
535 4171 714 4245 Πηνελόπεια,

114 4264 139 4322 εί
147 4260 242 4329 πάντες
251 4284 280 4320 σε
290 4261 368 4319 ίδοιεν
380 4263 419 4319 ἀν’
429 4257 518 4320 Ἴασον
527 4260 618 4341 Ἄργος
629 4257 742 4338 Ἀχαιοί,

112 4347 221 4416 πλέονές
229 4372 259 4406 κε
270 4352 413 4430 μνηστῆρες
423 4350 450 4406 ἒν
460 4345 607 4429 ὑμετέροισι
617 4345 733 4424 δόμοισιν

113 4439 198 4506 ἠῶθεν
208 4431 332 4493 δαινύατ’·
343 4434 398 4493 ἐπεὶ
408 4434 525 4517 περίεσσι
533 4437 671 4513 γυναικῶν,

116 4512 182 4588 εἶδός
190 4545 219 4579 τε
229 4519 335 4599 μέγεθός
343 4544 371 4579 τε
381 4521 419 4580 Idi
429 4520 523 4602 φρένας
533 4520 603 4581 ένδσν
613 4516 685 4587 ῖίσας

58 4628 103 4670 ato
155 4607 211 4668 Τδν
223 4607 246 4666 δ’
258 4607 375 4684 ήμείόετ’
385 4608 474 4666 ἔπειτα
483 4608 615 4691 περίφρων
627 4606 801 4679 Πηνελόπεια·

116 4692 266 4776 Εὐρύμαχ’,
276 4696 334 4767 ήτοι
344 4693 410 4773 ἐμὴν
419 4694 514 4776 ἀρετήν
523 4687 589 4762 εἶδός
596 4719 625 4754 τε
636 4693 716 4774 δέμας
723 4719 752 4754 τι

115 4782 219 4842 ὤλεσαν
229 4782 367 4854 ἀθάνατοι,
376 4782 418 4841 ὅτε
429 4782 508 4844 Ἴλιον
519 4783 690 4852 εῖςανέόαινον

115 4870 241 4952 Ἆργεῖοι,
251 4870 317 4948 μετὰ
326 4879 393 4930 τοῖσι
403 4871 424 4928 δ’
435 4872 495 4948 ἐμὸς
503 4870 579 4938 πόσις
587 4863 633 4950 {Iov
645 4869 795 4939 Ὀδυσσεύς.

118 4959 153 5017 El
162 4950 244 5024 κεῖνός
253 4960 277 5036 γ’
288 4956 368 5016 dolo
377 4957 422 5017 τὸν
430 4958 493 5036 ἐμδν
506 4958 561 5039 βίον
572 4957 761 5040 ἀμφιπολεύοι,

63 5065 104 5106 ass
118 5043 207 5122 μεῖζόν
216 5068 246 5102 κε
255 5045 327 5112 κλέος
337 5045 376 5117 εἴη
387 5045 449 5123 έμδν
458 5045 503 5104 καί
512 5045 619 5105 κάλλιον
628 5044 703 5105 οῦτω.

118 5135 174 5192 Νῦν
184 5133 207 5189 δ’
215 5131 323 5211 ἄχομαι·
331 5132 394 5190 τόσα
404 5132 454 5214 γάρ
460 5155 504 5210 μοι
509 5132 646 5191 ἐπέσσευεν
655 5131 724 5190 κακά
732 5133 841 5211 δαίμων.

115 5209 156 5280 Ἠ
166 5216 214 5296 μέν
223 5218 254 5290 δὴ
264 5217 306 5279 ότι
316 5223 339 5279 τ’
350 5212 380 5300 ᾖε
389 5219 473 5280 λιπὼν
483 5219 552 5279 κάτα
561 5219 675 5302 πατρίδα
684 5228 771 5298 γαῖαν,

150 5331 266 5370 nonanus.

1091 460 1301 522 ODYSSEAE
1326 464 1452 525 XVIII.

860 590 865 621 ¹
884 602 964 639 terum
973 594 1226 654 corrumpam,mariti
1235 593 1373 644 desiderans
1382 595 1462 644 dilecti

883 679 1033 740 onmIgenam
1037 680 1150 729 vlrtutem
1157 695 1163 728 ι
1169 682 1281 744 qnoniam
1288 683 1501 745 praestantissimus
1507 687 1560 733 erat
1565 684 1662 734 Achiuo

883 766 957 830 rum]
988 768 1027 817 sic
1035 767 1298 828 locuto‚desoendehat
1306 770 1453 820 caenaculo
1462 770 1601 834 splendido,
1657 770 1658 773 ’

884 868 931 903 nou
941 853 1004 914 sola;
1014 854 1085 904 slmol
1095 856 1156 904 hano
1164 859 1189 905 et
1199 856 1293 906 tamulm
1302 857 1358 906 dum
1366 858 1550 909 comitabantur.

884 948 918 991 Ac
927 941 1023 1004 quarmo
1031 942 1129 992 demum
1139 942 1264 1007 adprecos
1272 949 1414 1008 pervenerat
1422 945 1502 996 mrim
1511 947 1652 1007 mulierum,

884 1030 951 1079 stetit
960 1029 1015 1080 inde
1024 1029 1055 1080 sd
1064 1035 1158 1094 postem
1168 1031 1255 1081 domos
1264 1032 1363 1082 hrmitu
1372 1037 1471 1084 structas

883 1116 950 1179 genis
959 1117 1091 1168 obtendens
1099 1118 1175 1168 nitida
1184 1119 1323 1169 redImicula
1333 1134 1340 1168 ε

883 1205 969 1254 aneilla
976 1208 1057 1255 autem
1066 1207 1088 1255 ei
1098 1207 1172 1269 proha
1181 1207 1294 1270 atrioque
1303 1207 1387 1257 astitit.

883 1296 975 1342 tiorum
983 1306 1040 1342 vero
1049 1294 1098 1343 illic
1106 1294 1260 1344 solvebantur
1269 1309 1345 1356 genua
1352 1332 1359 1356 ‚
1367 1307 1447 1345 amore
1454 1300 1534 1346 autem
1541 1297 1620 1347 animo
1627 1297 1665 1345 do

883 1379 1010 1430 liniti-suot
1015 1380 1032 1443 ς]
1040 1393 1172 1445 omnesque
1178 1381 1293 1445 optabant
1300 1382 1364 1445 apud
1369 1396 1425 1432 eom
1431 1383 1534 1434 luteolis
1543 1385 1664 1434 recumho·

882 1467 928 1531 re]
936 1471 995 1517 Haec
1006 1466 1061 1518 iudo
1070 1469 1240 1519 Telemachum
1248 1470 1376 1530 altomest,
1385 1484 1457 1520 snum
1466 1469 1548 1521 carum
1558 1472 1634 1522 hlium
1646 1489 1652 1521 :

913 1555 1068 1618 Telemacho,
1078 1557 1237 1620 non-amplius
1246 1557 1290 1607 tihi
1300 1571 1368 1607 mens
1375 1558 1467 1620 integra
1474 1573 1518 1609 nec
1524 1560 1637 1622 cogitatio
1648 1576 1654 1609 :

882 1655 942 1706 puer
948 1642 1027 1692 adhuc
1033 1658 1184 1706 quumesses
1190 1681 1198 1706 ,
1205 1646 1277 1694 etiam
1284 1645 1359 1707 magis
1366 1646 1390 1695 in
1397 1650 1477 1696 mente
1484 1647 1610 1709 prudentia
1616 1660 1670 1696 vcr-

882 1730 953 1780 sahas
965 1730 981 1795 2]
990 1736 1157 1792 runcantem,
1168 1747 1243 1794 quum
1252 1732 1302 1794 iam
1311 1746 1412 1795 magnus
1421 1747 1447 1783 es
1457 1737 1482 1782 et
1493 1733 1665 1798 adpuhertath

883 1831 1020 1867 mensuram
1033 1819 1163 1882 pervenisti
1169 1819 1187 1883 ,]
1201 1822 1226 1869 et
1232 1820 1319 1883 aliquIs
1326 1819 1416 1870 dleeret
1423 1821 1498 1869 silium
1508 1824 1531 1870 te
1539 1835 1592 1871 esse
1601 1819 1664 1871 beati

881 1905 951 1970 vich]
965 1905 1153 1968 magnitudinem
1161 1911 1186 1956 et
1194 1907 1379 1971 pulcritudInem
1388 1909 1499 1970 intuens,
1508 1908 1601 1960 alienus
1610 1910 1663 1959 vir:

882 2008 930 2044 non
939 1995 1042 2058 amplius
1052 1995 1095 2044 tihi
1105 2009 1173 2044 mens
1184 1999 1222 2044 cst
1228 1996 1293 2056 jnsta
1302 2010 1347 2046 nec
1356 1997 1476 2058 cogitatio.

883 2084 959 2142 Quale
965 2084 1015 2145 jam
1025 2084 1071 2133 hoo
1080 2083 1171 2132 facium
1181 2083 1205 2132 iu
1215 2083 1309 2133 aedibus
1319 2085 1459 2134 lactum-est
1466 2098 1512 2148 per
1522 2089 1559 2142 te,

883 2171 923 2233 qui
934 2171 998 2220 hunc
1007 2171 1126 2232 hospitem
1136 2172 1212 2221 sivisti
1222 2171 1424 2234 indigne-tractari
1434 2173 1476 2222 ita.

883 2257 1009 2317 Quomodo
1018 2262 1097 2307 nuuc?
1107 2259 1128 2307 si
1135 2257 1194 2320 quid
1202 2259 1304 2321 hospes,
1314 2259 1339 2307 in
1348 2259 1436 2308 nostris
1446 2258 1540 2308 ordibus

883 2346 983 2407 sedens,
993 2347 1028 2395 sic
1037 2351 1160 2409 pateretur
1168 2347 1293 2395 vexatione
1303 2361 1331 2396 ex
1341 2347 1420 2408 gravi,

883 2435 926 2484 tihi
936 2433 1041 2484 dedecus
1051 2433 1253 2497 opprobriumque
1263 2434 1324 2483 luter
1334 2435 1442 2500 homines
1452 2435 1521 2485 toret.

914 2526 981 2573 llano
990 2535 1046 2571 vero
1055 2536 1139 2571 mrsus
1148 2522 1305 2571 Telemachus
1319 2520 1425 2585 pmdons
1439 2527 1522 2572 contra
1536 2523 1666 2572 allocutus·

883 2614 921 2660 est
932 2610 949 2674 ε]
959 2613 1035 2660 mater
1043 2624 1111 2672 mea,
1121 2609 1146 2659 id
1155 2609 1253 2672 quidem
1262 2624 1309 2659 non
1316 2610 1470 2672 indiguetero
1477 2648 1484 2672 ‚
1492 2610 1593 2674 quod-tu
1599 2613 1666 2661 trata·

883 2699 917 2748 sis
929 2697 946 2760 r]
956 2702 981 2747 at
990 2711 1034 2760 ego
1043 2697 1122 2746 animo
1131 2697 1236 2760 intelligo
1245 2700 1271 2747 et
1279 2697 1336 2746 novi
1345 2697 1451 2759 siugula,

884 2786 994 2849 innaque
1003 2789 1028 2835 et
1036 2784 1117 2848 pejora
1127 2799 1134 2834 r
1144 2788 1215 2835 antea
1223 2789 1305 2834 autem
1315 2784 1394 2834 adhuc
1402 2785 1480 2834 inians
1489 2799 1555 2836 eram
1566 2801 1572 2835 :

1603 459 1671 528 τοτ’

884 2887 967 2923 rerum
976 2875 1040 2922 enim
1048 2886 1095 2922 non
1105 2886 1204 2936 possum
1212 2872 1338 2936 pmdentia
1346 2873 1426 2923 omnia
1434 2872 1574 2935 advertere;

883 2975 940 3011 nom
949 2975 987 3011 me
996 2961 1147 3022 obtundunt,
1157 2960 1291 3010 assidentes
1300 2960 1396 3010 ollunde
1405 2961 1468 3010 alius
1473 2998 1481 3023 ,

884 3050 909 3099 hi
919 3049 981 3099 mala
989 3049 1133 3112 cogitantes3
1142 3049 1203 3099 mihi
1213 3052 1294 3098 antem
1303 3062 1351 3098 non
1360 3052 1417 3098 snm
1426 3049 1588 3099 auxiliatores,

883 3141 1040 3201 Nequaquam
1048 3141 1129 3186 tamen
1138 3137 1239 3199 hospilis
1248 3136 1346 3200 quidem
1355 3142 1379 3186 ot
1389 3137 1421 3186 lri
1429 3151 1508 3200 pugna
1517 3137 1626 3187 tactaest

884 3238 1011 3290 procomm
1019 3225 1131 3286 concilim
1141 3225 1232 3275 imbus
1241 3229 1323 3275 autem
1332 3226 1372 3275 hic
1381 3227 1501 3289 polemior
1510 3230 1571 3277 erat.

884 3313 981 3364 Utinam
990 3313 1067 3375 enim,
1076 3313 1217 3376 tupiterque
1225 3318 1303 3376 pater,
1312 3317 1337 3362 et
1347 3313 1466 3374 Minerva,
1476 3317 1502 3363 et
1513 3315 1612 3379 Apollo,

884 3401 990 3451 itanunc
999 3401 1065 3464 proci
1074 3400 1099 3450 in
1108 3401 1197 3450 nostris
1206 3401 1301 3451 adibus

884 3492 996 3538 nutarent
1004 3488 1137 3552 capitibus,
1147 3488 1246 3549 domiti,
1256 3490 1296 3538 alii
1305 3490 1403 3553 quidem
1413 3490 1515 3549 maula,

884 3576 1666 3641 aliiantemintradomum‚solutaque-essentmembraeujnsque;

884 3665 920 3714 uti
928 3678 992 3713 nunc
1002 3668 1055 3713 trus
1065 3664 1104 3713 ilie
1113 3663 1144 3712 ad
1153 3663 1215 3712 autre
1224 3664 1287 3712 tores

885 3751 953 3802 sedet
961 3755 1049 3800 nutans
1058 3752 1135 3814 eapite
1141 3786 1148 3811 ‚
1159 3750 1225 3798 ebrio
1234 3751 1332 3811 simiIIs;

884 3852 961 3901 neque
970 3841 1065 3887 erectos
1075 3840 1138 3886 storo
1147 3840 1227 3900 potest
1237 3837 1354 3901 pedihus,
1363 3851 1408 3887 noc
1417 3839 1506 3888 revorti

884 3927 983 3976 domum
989 3961 996 3986 ‚
1006 3939 1055 3988 qua
1067 3925 1089 3974 ei
1099 3924 1191 3974 reditus
1200 3928 1237 3974 est
1242 3939 1252 3982 ,·
1263 3925 1376 3988 qnoniam
1385 3939 1440 3975 cara
1455 3926 1563 3977 membra
1579 3927 1666 3979 soluta·

884 4013 960 4077 sunt]
991 4013 1030 4064 sic
1039 4013 1064 4062 hi
1074 4013 1172 4076 quidem
1180 4013 1238 4062 talia
1246 4012 1521 4077 interseloquchantm.

883 4101 1049 4164 Eurymachus
1058 4104 1139 4150 autem
1148 4101 1227 4150 verbis
1236 4101 1402 4151 allocutusest
1411 4102 1545 4165 Penelopen
1557 4117 1563 4151 :

914 4188 973 4239 Fida
982 4188 1064 4248 Icarii,
1075 4187 1180 4250 pmdons
1190 4188 1322 4251 Penelope,

884 4277 905 4326 si
914 4289 997 4325 omnes
1006 4275 1148 4325 tenderent
1156 4275 1298 4338 pertosium
1307 4281 1383 4339 Argos
1392 4275 1491 4337 achim,

884 4364 965 4427 plnres
974 4362 1040 4426 proci
1049 4361 1073 4412 in
1083 4362 1171 4412 restris
1179 4361 1281 4412 aedihus

883 4464 974 4500 amane
983 4450 1179 4512 condimentum
1189 4451 1303 4514 quoniam
1312 4457 1414 4515 praestes
1423 4451 1580 4513 mulieribus,

884 4539 1020 4603 turmaque,
1030 4541 1184 4602 saorraqre,
1194 4542 1219 4588 et
1227 4542 1307 4588 mente
1316 4539 1383 4589 intus
1392 4553 1470 4602 aeqna.

914 4627 977 4677 Huic
985 4630 1065 4677 autem
1074 4625 1197 4690 respondit
1206 4626 1292 4677 deinde
1301 4627 1408 4690 pmdons
1417 4627 1536 4691 Penelope
1546 4664 1553 4677 .

883 4716 1045 4776 Eurymache,
1056 4714 1161 4778 prolecto
1170 4728 1249 4763 msam
1257 4714 1386 4776 virtum,
1395 4715 1557 4779 formamque,
1566 4729 1663 4779 corpus·

883 4801 949 4866 qne]
955 4800 1108 4865 perdiderunt
1117 4801 1274 4862 immortales,
1280 4801 1493 4865 qnandosdllium
1502 4802 1664 4854 ascendebant

884 4889 977 4951 sigim
987 4888 1172 4938 enmiisautem
1181 4890 1530 4953 mensnramtusivitlllysses.

883 4977 908 5027 Si
917 4976 956 5026 ille
966 4977 1048 5039 ntique
1058 4989 1169 5026 reversus
1178 4990 1257 5027 meam
1266 4978 1340 5027 vitam
1349 4981 1469 5040 tueretur,

883 5064 958 5125 major
967 5063 1040 5124 gloria
1049 5066 1114 5112 esset
1123 5077 1177 5114 mea
1186 5065 1303 5115 strictior
1312 5065 1355 5116 ita.

883 5154 1017 5200 Nunevem
1025 5150 1108 5200 tristor
1118 5167 1124 5199 :
1136 5153 1569 5210 totenimmlhlimmisitmaladeas.

884 5240 954 5290 certe
963 5237 1074 5302 quidem
1084 5239 1182 5304 quando
1190 5241 1331 5293 marenca
1340 5243 1417 5306 patria
1426 5248 1502 5306 mma,

1531 5336 1559 5375 ao
