<?xml version="1.0" encoding="UTF-8"?>
<!DOCTYPE html PUBLIC "-//W3C//DTD XHTML 1.0 Transitional//EN"
    "http://www.w3.org/TR/xhtml1/DTD/xhtml1-transitional.dtd">
<html xmlns="http://www.w3.org/1999/xhtml" xml:lang="en" lang="en">
 <head>
  <title>
</title>
<meta http-equiv="Content-Type" content="text/html;charset=utf-8" />
  <meta name='ocr-system' content='tesseract 3.04.00' />
  <meta name='ocr-capabilities' content='ocr_page ocr_carea ocr_par ocr_line ocrx_word'/>
</head>
<body>
  <div class='ocr_page' id='page_1' title='image "./carminaetcyliep00baumgoog_0522.png"; bbox 0 0 3570 5932; ppageno 0'>
   <div class='ocr_carea' id='block_1_1' title="bbox 343 425 648 487">
    <p class='ocr_par' dir='ltr' id='par_1_1' title="bbox 343 425 648 487">
     <span class='ocr_line' id='line_1_1' title="bbox 343 425 648 487; baseline -0.007 -2"><span class='ocrx_word' id='word_1_1' title='bbox 343 425 591 487; x_wconf 81' lang='grc' dir='ltr'><strong>ΟΔΥΣΣΕΙΑΣ</strong></span> <span class='ocrx_word' id='word_1_2' title='bbox 616 428 648 487; x_wconf 84' lang='grc' dir='ltr'>λ’.</span> 
     </span>
    </p>
   </div>
   <div class='ocr_carea' id='block_1_2' title="bbox 89 554 874 5283">
    <p class='ocr_par' dir='ltr' id='par_1_2' title="bbox 150 554 867 727">
     <span class='ocr_line' id='line_1_2' title="bbox 150 554 816 640; baseline 0.005 -26"><span class='ocrx_word' id='word_1_3' title='bbox 150 555 237 615; x_wconf 71' lang='grc' dir='ltr'>εἵλετο</span> <span class='ocrx_word' id='word_1_4' title='bbox 247 556 268 615; x_wconf 84' lang='grc' dir='ltr'>δ’</span> <span class='ocrx_word' id='word_1_5' title='bbox 279 554 390 633; x_wconf 76' lang='grc' dir='ltr'>ἄλκιμον</span> <span class='ocrx_word' id='word_1_6' title='bbox 400 554 488 635; x_wconf 81' lang='grc' dir='ltr'>ἔγχος,</span> <span class='ocrx_word' id='word_1_7' title='bbox 498 555 648 635; x_wconf 74' lang='grc' dir='ltr'>ἀκαχμένον</span> <span class='ocrx_word' id='word_1_8' title='bbox 657 555 708 625; x_wconf 79' lang='grc' dir='ltr'>δξέῖ</span> <span class='ocrx_word' id='word_1_9' title='bbox 715 561 816 640; x_wconf 78' lang='grc' dir='ltr'>χαλκῷ·</span> 
     </span>
     <span class='ocr_line' id='line_1_3' title="bbox 150 643 867 727; baseline 0.003 -23"><span class='ocrx_word' id='word_1_10' title='bbox 150 650 202 716; x_wconf 90' lang='grc' dir='ltr'>στῆ</span> <span class='ocrx_word' id='word_1_11' title='bbox 213 646 234 704; x_wconf 86' lang='grc' dir='ltr'>δ’</span> <span class='ocrx_word' id='word_1_12' title='bbox 245 645 286 727; x_wconf 81' lang='grc' dir='ltr'>ἀρ’</span> <span class='ocrx_word' id='word_1_13' title='bbox 296 647 337 703; x_wconf 75' lang='grc' dir='ltr'>ἀπ’</span> <span class='ocrx_word' id='word_1_14' title='bbox 347 643 422 703; x_wconf 88' lang='grc' dir='ltr'>οὐδδν</span> <span class='ocrx_word' id='word_1_15' title='bbox 432 643 486 717; x_wconf 80' lang='grc' dir='ltr'>ἰὼν,</span> <span class='ocrx_word' id='word_1_16' title='bbox 496 645 560 725; x_wconf 80' lang='grc' dir='ltr'>πρὸς</span> <span class='ocrx_word' id='word_1_17' title='bbox 569 647 592 703; x_wconf 89' lang='grc' dir='ltr'>δ’</span> <span class='ocrx_word' id='word_1_18' title='bbox 602 644 765 727; x_wconf 80' lang='grc' dir='ltr'>Εὐρύκλειαν</span> <span class='ocrx_word' id='word_1_19' title='bbox 775 649 867 707; x_wconf 80' lang='grc' dir='ltr'>ἔειπεν</span> 
     </span>
    </p>

    <p class='ocr_par' dir='ltr' id='par_1_3' title="bbox 191 731 785 816">
     <span class='ocr_line' id='line_1_4' title="bbox 191 731 785 816; baseline 0.002 -25"><span class='ocrx_word' id='word_1_20' title='bbox 191 737 268 792; x_wconf 84' lang='grc' dir='ltr'>Μαῖα</span> <span class='ocrx_word' id='word_1_21' title='bbox 278 731 341 812; x_wconf 78' lang='grc' dir='ltr'>ριλη</span> <span class='ocrx_word' id='word_1_22' title='bbox 349 777 356 804; x_wconf 93' lang='grc'>,</span> <span class='ocrx_word' id='word_1_23' title='bbox 365 731 410 790; x_wconf 85' lang='grc' dir='ltr'>τὀν</span> <span class='ocrx_word' id='word_1_24' title='bbox 421 731 499 800; x_wconf 85' lang='grc' dir='ltr'>ξεῖνον</span> <span class='ocrx_word' id='word_1_25' title='bbox 509 731 662 809; x_wconf 77' lang='grc' dir='ltr'>ἐτιμήσασθ’</span> <span class='ocrx_word' id='word_1_26' title='bbox 674 733 711 791; x_wconf 77' lang='grc' dir='ltr'>ἐνί</span> <span class='ocrx_word' id='word_1_27' title='bbox 721 733 785 816; x_wconf 82' lang='grc' dir='ltr'>οἴκῳ</span> 
     </span>
    </p>

    <p class='ocr_par' dir='ltr' id='par_1_4' title="bbox 89 818 816 1166">
     <span class='ocr_line' id='line_1_5' title="bbox 89 818 693 901; baseline -0.003 -22"><span class='ocrx_word' id='word_1_28' title='bbox 89 840 134 880; x_wconf 80' lang='lat' dir='ltr'>tao</span> <span class='ocrx_word' id='word_1_29' title='bbox 150 823 213 900; x_wconf 93' lang='grc' dir='ltr'>εὐνῇ</span> <span class='ocrx_word' id='word_1_30' title='bbox 223 820 268 879; x_wconf 81' lang='grc' dir='ltr'>καί</span> <span class='ocrx_word' id='word_1_31' title='bbox 278 820 355 901; x_wconf 85' lang='grc' dir='ltr'>σίτῳ;</span> <span class='ocrx_word' id='word_1_32' title='bbox 366 818 383 890; x_wconf 81' lang='grc' dir='ltr'>ῆ</span> <span class='ocrx_word' id='word_1_33' title='bbox 395 819 478 887; x_wconf 79' lang='grc' dir='ltr'>αὕτως</span> <span class='ocrx_word' id='word_1_34' title='bbox 487 829 570 878; x_wconf 87' lang='grc' dir='ltr'>κεῖσαι</span> <span class='ocrx_word' id='word_1_35' title='bbox 581 820 693 894; x_wconf 85' lang='grc' dir='ltr'>ἀκηδής;</span> 
     </span>
     <span class='ocr_line' id='line_1_6' title="bbox 149 906 757 989; baseline -0.002 -22"><span class='ocrx_word' id='word_1_36' title='bbox 149 907 258 981; x_wconf 86' lang='grc' dir='ltr'>τοιαύτη</span> <span class='ocrx_word' id='word_1_37' title='bbox 268 907 319 989; x_wconf 76' lang='grc' dir='ltr'>γάρ</span> <span class='ocrx_word' id='word_1_38' title='bbox 330 907 387 985; x_wconf 73' lang='grc' dir='ltr'>ἐμοὶ</span> <span class='ocrx_word' id='word_1_39' title='bbox 397 908 498 989; x_wconf 87' lang='grc' dir='ltr'>μήτηρ,</span> <span class='ocrx_word' id='word_1_40' title='bbox 507 906 600 978; x_wconf 86' lang='grc' dir='ltr'>πινυτή</span> <span class='ocrx_word' id='word_1_41' title='bbox 611 931 661 989; x_wconf 88' lang='grc' dir='ltr'>περ</span> <span class='ocrx_word' id='word_1_42' title='bbox 671 911 757 966; x_wconf 79' lang='grc' dir='ltr'>ἐοῦσα·</span> 
     </span>
     <span class='ocr_line' id='line_1_7' title="bbox 147 992 778 1078; baseline 0.002 -24"><span class='ocrx_word' id='word_1_43' title='bbox 147 997 303 1075; x_wconf 75' lang='grc' dir='ltr'>ἐμπλήγδην</span> <span class='ocrx_word' id='word_1_44' title='bbox 313 992 398 1077; x_wconf 75' lang='grc' dir='ltr'>ἕτερόν</span> <span class='ocrx_word' id='word_1_45' title='bbox 408 1019 437 1074; x_wconf 88' lang='grc' dir='ltr'>γε</span> <span class='ocrx_word' id='word_1_46' title='bbox 446 997 494 1055; x_wconf 91' lang='grc' dir='ltr'>τίει</span> <span class='ocrx_word' id='word_1_47' title='bbox 506 996 626 1078; x_wconf 76' lang='grc' dir='ltr'>μερόπων</span> <span class='ocrx_word' id='word_1_48' title='bbox 637 996 778 1077; x_wconf 83' lang='grc' dir='ltr'>ἀνθρώπων</span> 
     </span>
     <span class='ocr_line' id='line_1_8' title="bbox 147 1084 816 1166; baseline 0.001 -24"><span class='ocrx_word' id='word_1_49' title='bbox 147 1084 268 1166; x_wconf 83' lang='grc' dir='ltr'>χείρονα,</span> <span class='ocrx_word' id='word_1_50' title='bbox 278 1084 322 1143; x_wconf 86' lang='grc' dir='ltr'>τὀν</span> <span class='ocrx_word' id='word_1_51' title='bbox 332 1084 360 1143; x_wconf 88' lang='grc' dir='ltr'>δέ</span> <span class='ocrx_word' id='word_1_52' title='bbox 369 1085 391 1143; x_wconf 94' lang='grc' dir='ltr'>τ’</span> <span class='ocrx_word' id='word_1_53' title='bbox 402 1084 495 1166; x_wconf 87' lang='grc' dir='ltr'>ἀρείον’</span> <span class='ocrx_word' id='word_1_54' title='bbox 505 1084 646 1162; x_wconf 77' lang='grc' dir='ltr'>ἀτιμήσαά</span> <span class='ocrx_word' id='word_1_55' title='bbox 656 1084 816 1162; x_wconf 75' lang='grc' dir='ltr'>ἀποπέμπει.</span> 
     </span>
    </p>

    <p class='ocr_par' dir='ltr' id='par_1_5' title="bbox 190 1162 797 1254">
     <span class='ocr_line' id='line_1_9' title="bbox 190 1162 797 1254; baseline -0.005 -21"><span class='ocrx_word' id='word_1_56' title='bbox 190 1173 243 1234; x_wconf 81' lang='grc' dir='ltr'>Τὸν</span> <span class='ocrx_word' id='word_1_57' title='bbox 253 1174 274 1232; x_wconf 90' lang='grc' dir='ltr'>δ’</span> <span class='ocrx_word' id='word_1_58' title='bbox 285 1162 347 1232; x_wconf 82' lang='grc' dir='ltr'>αὐτε</span> <span class='ocrx_word' id='word_1_59' title='bbox 356 1173 488 1253; x_wconf 87' lang='grc' dir='ltr'>προςέειπε</span> <span class='ocrx_word' id='word_1_60' title='bbox 497 1173 629 1254; x_wconf 73' lang='grc' dir='ltr'>περίφρων</span> <span class='ocrx_word' id='word_1_61' title='bbox 641 1172 797 1254; x_wconf 76' lang='grc' dir='ltr'>Εὐρύκλεια·</span> 
     </span>
    </p>

    <p class='ocr_par' dir='ltr' id='par_1_6' title="bbox 89 1259 710 1342">
     <span class='ocr_line' id='line_1_10' title="bbox 89 1259 710 1342; baseline -0.005 -20"><span class='ocrx_word' id='word_1_62' title='bbox 89 1282 131 1322; x_wconf 72' lang='lat' dir='ltr'>tat</span> <span class='ocrx_word' id='word_1_63' title='bbox 147 1263 196 1320; x_wconf 92' lang='grc' dir='ltr'>οὐκ</span> <span class='ocrx_word' id='word_1_64' title='bbox 206 1261 237 1319; x_wconf 87' lang='grc' dir='ltr'>ἄν</span> <span class='ocrx_word' id='word_1_65' title='bbox 247 1286 290 1337; x_wconf 89' lang='grc' dir='ltr'>μιν</span> <span class='ocrx_word' id='word_1_66' title='bbox 300 1268 353 1333; x_wconf 82' lang='grc' dir='ltr'>νῦν,</span> <span class='ocrx_word' id='word_1_67' title='bbox 363 1259 461 1333; x_wconf 87' lang='grc' dir='ltr'>τέκνον,</span> <span class='ocrx_word' id='word_1_68' title='bbox 472 1261 587 1319; x_wconf 90' lang='grc' dir='ltr'>ἀναίτιον</span> <span class='ocrx_word' id='word_1_69' title='bbox 598 1260 710 1342; x_wconf 77' lang='grc' dir='ltr'>αἰτιόῳο.</span> 
     </span>
    </p>

    <p class='ocr_par' dir='ltr' id='par_1_7' title="bbox 144 1343 811 1693">
     <span class='ocr_line' id='line_1_11' title="bbox 146 1343 811 1430; baseline -0.002 -22"><span class='ocrx_word' id='word_1_70' title='bbox 146 1343 228 1413; x_wconf 74' lang='grc' dir='ltr'>Οἶνον</span> <span class='ocrx_word' id='word_1_71' title='bbox 238 1348 284 1428; x_wconf 80' lang='grc' dir='ltr'>μέν</span> <span class='ocrx_word' id='word_1_72' title='bbox 293 1348 344 1430; x_wconf 79' lang='grc' dir='ltr'>γάρ</span> <span class='ocrx_word' id='word_1_73' title='bbox 352 1357 411 1406; x_wconf 87' lang='grc' dir='ltr'>πῖνε</span> <span class='ocrx_word' id='word_1_74' title='bbox 420 1348 576 1425; x_wconf 87' lang='grc' dir='ltr'>καθήμενος,</span> <span class='ocrx_word' id='word_1_75' title='bbox 585 1347 642 1430; x_wconf 86' lang='grc' dir='ltr'>όρρ’</span> <span class='ocrx_word' id='word_1_76' title='bbox 652 1346 717 1407; x_wconf 73' lang='grc' dir='ltr'>ἔθελ’</span> <span class='ocrx_word' id='word_1_77' title='bbox 727 1347 811 1415; x_wconf 87' lang='grc' dir='ltr'>αὐτός·</span> 
     </span>
     <span class='ocr_line' id='line_1_12' title="bbox 147 1434 795 1518; baseline -0.006 -20"><span class='ocrx_word' id='word_1_78' title='bbox 147 1439 221 1499; x_wconf 83' lang='grc' dir='ltr'>σίτου</span> <span class='ocrx_word' id='word_1_79' title='bbox 233 1439 254 1496; x_wconf 90' lang='grc' dir='ltr'>δ’</span> <span class='ocrx_word' id='word_1_80' title='bbox 264 1436 348 1496; x_wconf 88' lang='grc' dir='ltr'>οὐκέτ’</span> <span class='ocrx_word' id='word_1_81' title='bbox 358 1434 406 1517; x_wconf 80' lang='grc' dir='ltr'>έρη</span> <span class='ocrx_word' id='word_1_82' title='bbox 416 1435 578 1513; x_wconf 82' lang='grc' dir='ltr'>πεινήμεναι·</span> <span class='ocrx_word' id='word_1_83' title='bbox 590 1437 673 1518; x_wconf 86' lang='grc' dir='ltr'>εἴρετο</span> <span class='ocrx_word' id='word_1_84' title='bbox 681 1436 732 1518; x_wconf 89' lang='grc' dir='ltr'>γάρ</span> <span class='ocrx_word' id='word_1_85' title='bbox 743 1459 795 1513; x_wconf 93' lang='grc' dir='ltr'>μιν.</span> 
     </span>
     <span class='ocr_line' id='line_1_13' title="bbox 146 1523 765 1602; baseline -0.005 -15"><span class='ocrx_word' id='word_1_86' title='bbox 146 1528 217 1587; x_wconf 79' lang='grc' dir='ltr'>Ἀλλ’</span> <span class='ocrx_word' id='word_1_87' title='bbox 228 1525 270 1585; x_wconf 81' lang='grc' dir='ltr'>ὅτε</span> <span class='ocrx_word' id='word_1_88' title='bbox 280 1524 312 1596; x_wconf 81' lang='grc' dir='ltr'>δὴ</span> <span class='ocrx_word' id='word_1_89' title='bbox 322 1523 417 1583; x_wconf 89' lang='grc' dir='ltr'>κοίτοιο</span> <span class='ocrx_word' id='word_1_90' title='bbox 427 1524 472 1583; x_wconf 81' lang='grc' dir='ltr'>καλ</span> <span class='ocrx_word' id='word_1_91' title='bbox 482 1523 563 1583; x_wconf 83' lang='grc' dir='ltr'>ύπνου</span> <span class='ocrx_word' id='word_1_92' title='bbox 574 1525 765 1602; x_wconf 84' lang='grc' dir='ltr'>μιμνήσκοιτο,</span> 
     </span>
     <span class='ocr_line' id='line_1_14' title="bbox 144 1611 743 1693; baseline -0.003 -21"><span class='ocrx_word' id='word_1_93' title='bbox 144 1619 164 1686; x_wconf 79' lang='grc' dir='ltr'>ῆ</span> <span class='ocrx_word' id='word_1_94' title='bbox 177 1612 225 1691; x_wconf 81' lang='grc' dir='ltr'>μέν</span> <span class='ocrx_word' id='word_1_95' title='bbox 235 1612 316 1691; x_wconf 80' lang='grc' dir='ltr'>δέμνι’</span> <span class='ocrx_word' id='word_1_96' title='bbox 327 1612 424 1689; x_wconf 79' lang='grc' dir='ltr'>ἄνωγεν</span> <span class='ocrx_word' id='word_1_97' title='bbox 434 1611 606 1693; x_wconf 81' lang='grc' dir='ltr'>ὑποστορέσαι</span> <span class='ocrx_word' id='word_1_98' title='bbox 617 1614 743 1691; x_wconf 80' lang='grc' dir='ltr'>δμωῇσιν·</span> 
     </span>
    </p>

    <p class='ocr_par' dir='ltr' id='par_1_8' title="bbox 89 1698 833 2044">
     <span class='ocr_line' id='line_1_15' title="bbox 89 1698 796 1782; baseline -0.004 -21"><span class='ocrx_word' id='word_1_99' title='bbox 89 1721 132 1763; x_wconf 75' lang='grc' dir='ltr'>ιω</span> <span class='ocrx_word' id='word_1_100' title='bbox 145 1701 231 1782; x_wconf 78' lang='grc' dir='ltr'>αὐτὰρ</span> <span class='ocrx_word' id='word_1_101' title='bbox 240 1699 288 1779; x_wconf 72' lang='grc' dir='ltr'>ὅγ’,</span> <span class='ocrx_word' id='word_1_102' title='bbox 298 1699 332 1766; x_wconf 83' lang='grc' dir='ltr'>ῶς</span> <span class='ocrx_word' id='word_1_103' title='bbox 340 1723 378 1766; x_wconf 92' lang='grc' dir='ltr'>τις</span> <span class='ocrx_word' id='word_1_104' title='bbox 386 1698 499 1776; x_wconf 83' lang='grc' dir='ltr'>πάμπαν</span> <span class='ocrx_word' id='word_1_105' title='bbox 508 1698 606 1781; x_wconf 76' lang='grc' dir='ltr'>ὀϊζυρὸς</span> <span class='ocrx_word' id='word_1_106' title='bbox 615 1698 660 1758; x_wconf 78' lang='grc' dir='ltr'>καί</span> <span class='ocrx_word' id='word_1_107' title='bbox 667 1700 796 1776; x_wconf 79' lang='grc' dir='ltr'>ἄποτμος,</span> 
     </span>
     <span class='ocr_line' id='line_1_16' title="bbox 143 1785 808 1869; baseline -0.005 -21"><span class='ocrx_word' id='word_1_108' title='bbox 143 1792 194 1848; x_wconf 89' lang='grc' dir='ltr'>οὐκ</span> <span class='ocrx_word' id='word_1_109' title='bbox 204 1788 267 1846; x_wconf 83' lang='grc' dir='ltr'>ἔθελ’</span> <span class='ocrx_word' id='word_1_110' title='bbox 277 1790 304 1845; x_wconf 85' lang='grc' dir='ltr'>ἐν</span> <span class='ocrx_word' id='word_1_111' title='bbox 313 1785 443 1866; x_wconf 80' lang='grc' dir='ltr'>λέκτροισι</span> <span class='ocrx_word' id='word_1_112' title='bbox 452 1785 497 1844; x_wconf 79' lang='grc' dir='ltr'>καὶ</span> <span class='ocrx_word' id='word_1_113' title='bbox 508 1789 534 1845; x_wconf 83' lang='grc' dir='ltr'>ἐν</span> <span class='ocrx_word' id='word_1_114' title='bbox 546 1787 653 1869; x_wconf 74' lang='grc' dir='ltr'>ῥήγεσσι</span> <span class='ocrx_word' id='word_1_115' title='bbox 663 1786 808 1860; x_wconf 86' lang='grc' dir='ltr'>καθεύδειν,</span> 
     </span>
     <span class='ocr_line' id='line_1_17' title="bbox 144 1872 673 1955; baseline -0.002 -20"><span class='ocrx_word' id='word_1_116' title='bbox 144 1876 204 1935; x_wconf 87' lang='grc' dir='ltr'>ἀλλ’</span> <span class='ocrx_word' id='word_1_117' title='bbox 214 1879 240 1934; x_wconf 80' lang='grc' dir='ltr'>ἐν</span> <span class='ocrx_word' id='word_1_118' title='bbox 251 1874 372 1955; x_wconf 76' lang='grc' dir='ltr'>ἀδεψήτῳ</span> <span class='ocrx_word' id='word_1_119' title='bbox 384 1872 445 1953; x_wconf 71' lang='grc' dir='ltr'>βοείρι</span> <span class='ocrx_word' id='word_1_120' title='bbox 456 1874 500 1931; x_wconf 82' lang='grc' dir='ltr'>καὶ</span> <span class='ocrx_word' id='word_1_121' title='bbox 510 1873 603 1933; x_wconf 82' lang='grc' dir='ltr'>κώεσιν</span> <span class='ocrx_word' id='word_1_122' title='bbox 612 1877 673 1934; x_wconf 81' lang='grc' dir='ltr'>οἰῶν</span> 
     </span>
     <span class='ocr_line' id='line_1_18' title="bbox 144 1960 833 2044; baseline -0.004 -21"><span class='ocrx_word' id='word_1_123' title='bbox 144 1964 232 2044; x_wconf 82' lang='grc' dir='ltr'>ἔδραθ’</span> <span class='ocrx_word' id='word_1_124' title='bbox 243 1963 280 2023; x_wconf 74' lang='lat' dir='ltr'>tri</span> <span class='ocrx_word' id='word_1_125' title='bbox 288 1961 420 2044; x_wconf 84' lang='grc' dir='ltr'>προδόμῳ·</span> <span class='ocrx_word' id='word_1_126' title='bbox 431 1964 542 2040; x_wconf 85' lang='grc' dir='ltr'>χλαῖναν</span> <span class='ocrx_word' id='word_1_127' title='bbox 552 1961 574 2018; x_wconf 91' lang='grc' dir='ltr'>δ’</span> <span class='ocrx_word' id='word_1_128' title='bbox 584 1960 833 2039; x_wconf 84' lang='grc' dir='ltr'>έπιέσσαμενήμεῖς.</span> 
     </span>
    </p>

    <p class='ocr_par' dir='ltr' id='par_1_9' title="bbox 186 2047 874 2130">
     <span class='ocr_line' id='line_1_19' title="bbox 186 2047 874 2130; baseline -0.007 -19"><span class='ocrx_word' id='word_1_129' title='bbox 186 2050 236 2118; x_wconf 84' lang='grc' dir='ltr'>Ὠς</span> <span class='ocrx_word' id='word_1_130' title='bbox 245 2050 319 2130; x_wconf 81' lang='grc' dir='ltr'>ράτο·</span> <span class='ocrx_word' id='word_1_131' title='bbox 331 2048 489 2128; x_wconf 83' lang='grc' dir='ltr'>Τηλέμαχος</span> <span class='ocrx_word' id='word_1_132' title='bbox 499 2047 525 2106; x_wconf 77' lang='grc' dir='ltr'>δέ</span> <span class='ocrx_word' id='word_1_133' title='bbox 536 2050 568 2107; x_wconf 90' lang='grc' dir='ltr'>δι’</span> <span class='ocrx_word' id='word_1_134' title='bbox 579 2050 608 2106; x_wconf 78' lang='grc' dir='ltr'>ἐκ</span> <span class='ocrx_word' id='word_1_135' title='bbox 618 2047 742 2129; x_wconf 92' lang='grc' dir='ltr'>μεγάροιο</span> <span class='ocrx_word' id='word_1_136' title='bbox 753 2048 874 2126; x_wconf 83' lang='grc' dir='ltr'>βεόήκει,</span> 
     </span>
    </p>

    <p class='ocr_par' dir='ltr' id='par_1_10' title="bbox 89 2134 812 2305">
     <span class='ocr_line' id='line_1_20' title="bbox 89 2134 812 2220; baseline -0.007 -21"><span class='ocrx_word' id='word_1_137' title='bbox 89 2161 129 2201; x_wconf 70' lang='grc' dir='ltr'>[σε</span> <span class='ocrx_word' id='word_1_138' title='bbox 142 2140 220 2220; x_wconf 77' lang='grc' dir='ltr'>ἔγχος</span> <span class='ocrx_word' id='word_1_139' title='bbox 229 2138 305 2218; x_wconf 78' lang='grc' dir='ltr'>ἔχων·</span> <span class='ocrx_word' id='word_1_140' title='bbox 316 2137 372 2214; x_wconf 84' lang='grc' dir='ltr'>άμα</span> <span class='ocrx_word' id='word_1_141' title='bbox 381 2141 448 2217; x_wconf 78' lang='grc' dir='ltr'>τῷγε</span> <span class='ocrx_word' id='word_1_142' title='bbox 458 2134 531 2203; x_wconf 90' lang='grc' dir='ltr'>κύνες</span> <span class='ocrx_word' id='word_1_143' title='bbox 539 2136 620 2203; x_wconf 86' lang='grc' dir='ltr'>πόδας</span> <span class='ocrx_word' id='word_1_144' title='bbox 630 2137 704 2218; x_wconf 77' lang='grc' dir='ltr'>ἀργοί</span> <span class='ocrx_word' id='word_1_145' title='bbox 713 2134 812 2196; x_wconf 76' lang='grc' dir='ltr'>ἕποντο.</span> 
     </span>
     <span class='ocr_line' id='line_1_21' title="bbox 143 2222 811 2305; baseline -0.004 -19"><span class='ocrx_word' id='word_1_146' title='bbox 143 2232 187 2298; x_wconf 87' lang='grc' dir='ltr'>Βῆ</span> <span class='ocrx_word' id='word_1_147' title='bbox 198 2228 219 2286; x_wconf 88' lang='grc' dir='ltr'>δ’</span> <span class='ocrx_word' id='word_1_148' title='bbox 229 2226 288 2303; x_wconf 83' lang='grc' dir='ltr'>ίμεν</span> <span class='ocrx_word' id='word_1_149' title='bbox 298 2228 333 2291; x_wconf 79' lang='grc' dir='ltr'>είς</span> <span class='ocrx_word' id='word_1_150' title='bbox 343 2223 439 2305; x_wconf 77' lang='grc' dir='ltr'>ἀγορὴν</span> <span class='ocrx_word' id='word_1_151' title='bbox 449 2227 507 2300; x_wconf 90' lang='grc' dir='ltr'>μετ’</span> <span class='ocrx_word' id='word_1_152' title='bbox 518 2223 675 2301; x_wconf 76' lang='grc' dir='ltr'>ἐϋκνήμιδας</span> <span class='ocrx_word' id='word_1_153' title='bbox 685 2222 811 2304; x_wconf 86' lang='grc' dir='ltr'>Ἀχαιούς.</span> 
     </span>
    </p>

    <p class='ocr_par' dir='ltr' id='par_1_11' title="bbox 142 2305 743 2483">
     <span class='ocr_line' id='line_1_22' title="bbox 142 2305 743 2390; baseline -0.01 -15"><span class='ocrx_word' id='word_1_154' title='bbox 142 2316 180 2375; x_wconf 83' lang='grc' dir='ltr'><em>Ἦ</em></span> <span class='ocrx_word' id='word_1_155' title='bbox 191 2316 212 2373; x_wconf 92' lang='grc' dir='ltr'>δ’</span> <span class='ocrx_word' id='word_1_156' title='bbox 223 2305 285 2372; x_wconf 84' lang='grc' dir='ltr'>αὐτε</span> <span class='ocrx_word' id='word_1_157' title='bbox 295 2313 412 2390; x_wconf 83' lang='grc' dir='ltr'>δμωῇσιν</span> <span class='ocrx_word' id='word_1_158' title='bbox 423 2310 543 2370; x_wconf 81' lang='grc' dir='ltr'>ἐκέκλετο</span> <span class='ocrx_word' id='word_1_159' title='bbox 552 2312 595 2369; x_wconf 83' lang='grc' dir='ltr'>δια</span> <span class='ocrx_word' id='word_1_160' title='bbox 605 2314 743 2389; x_wconf 88' lang='grc' dir='ltr'>γυναικῶν,</span> 
     </span>
     <span class='ocr_line' id='line_1_23' title="bbox 143 2389 720 2483; baseline -0.005 -22"><span class='ocrx_word' id='word_1_161' title='bbox 143 2400 293 2483; x_wconf 86' lang='grc' dir='ltr'>Εὐρύκλει’,</span> <span class='ocrx_word' id='word_1_162' title='bbox 302 2389 386 2465; x_wconf 81' lang='grc' dir='ltr'>Ὦπος</span> <span class='ocrx_word' id='word_1_163' title='bbox 396 2398 512 2480; x_wconf 78' lang='grc' dir='ltr'>θυγάτηρ</span> <span class='ocrx_word' id='word_1_164' title='bbox 523 2399 720 2480; x_wconf 85' lang='grc' dir='ltr'>Πεισηνορίδαο·</span> 
     </span>
    </p>

    <p class='ocr_par' dir='ltr' id='par_1_12' title="bbox 184 2484 812 2570">
     <span class='ocr_line' id='line_1_24' title="bbox 184 2484 812 2570; baseline -0.005 -22"><span class='ocrx_word' id='word_1_165' title='bbox 184 2489 301 2570; x_wconf 74' lang='grc' dir='ltr'>Ἇγρεῑθ,</span> <span class='ocrx_word' id='word_1_166' title='bbox 312 2490 339 2544; x_wconf 85' lang='grc' dir='ltr'>αἱ</span> <span class='ocrx_word' id='word_1_167' title='bbox 350 2484 398 2564; x_wconf 80' lang='grc' dir='ltr'>μέν</span> <span class='ocrx_word' id='word_1_168' title='bbox 408 2487 483 2563; x_wconf 89' lang='grc' dir='ltr'>δῶμα</span> <span class='ocrx_word' id='word_1_169' title='bbox 493 2485 622 2566; x_wconf 87' lang='grc' dir='ltr'>κορήσατε</span> <span class='ocrx_word' id='word_1_170' title='bbox 632 2485 812 2564; x_wconf 86' lang='grc' dir='ltr'>ποιπνύσασαι</span> 
     </span>
    </p>

    <p class='ocr_par' dir='ltr' id='par_1_13' title="bbox 89 2572 860 3010">
     <span class='ocr_line' id='line_1_25' title="bbox 89 2572 767 2662; baseline -0.012 -21"><span class='ocrx_word' id='word_1_171' title='bbox 89 2601 129 2640; x_wconf 73' lang='grc' dir='ltr'>ιεο</span> <span class='ocrx_word' id='word_1_172' title='bbox 141 2575 258 2662; x_wconf 70' lang='grc' dir='ltr'>ῥάσσατέ</span> <span class='ocrx_word' id='word_1_173' title='bbox 265 2578 288 2634; x_wconf 90' lang='grc' dir='ltr'>τ’</span> <span class='ocrx_word' id='word_1_174' title='bbox 299 2573 326 2633; x_wconf 87' lang='grc' dir='ltr'>ἔν</span> <span class='ocrx_word' id='word_1_175' title='bbox 334 2597 362 2632; x_wconf 89' lang='grc' dir='ltr'>τε</span> <span class='ocrx_word' id='word_1_176' title='bbox 373 2572 468 2655; x_wconf 85' lang='grc' dir='ltr'>θρόνοις</span> <span class='ocrx_word' id='word_1_177' title='bbox 478 2573 637 2644; x_wconf 87' lang='grc' dir='ltr'>εὐποιήτοισι</span> <span class='ocrx_word' id='word_1_178' title='bbox 647 2572 767 2646; x_wconf 75' lang='grc' dir='ltr'>τάπητας</span> 
     </span>
     <span class='ocr_line' id='line_1_26' title="bbox 145 2659 791 2747; baseline -0.005 -24"><span class='ocrx_word' id='word_1_179' title='bbox 145 2665 255 2747; x_wconf 80' lang='grc' dir='ltr'>βαλλιτε</span> <span class='ocrx_word' id='word_1_180' title='bbox 265 2661 430 2744; x_wconf 67' lang='grc' dir='ltr'>πορφυρέους·</span> <span class='ocrx_word' id='word_1_181' title='bbox 440 2666 468 2720; x_wconf 78' lang='grc' dir='ltr'>αἱ</span> <span class='ocrx_word' id='word_1_182' title='bbox 478 2659 506 2719; x_wconf 82' lang='grc' dir='ltr'>δέ</span> <span class='ocrx_word' id='word_1_183' title='bbox 516 2660 652 2740; x_wconf 88' lang='grc' dir='ltr'>σπόγγοισι</span> <span class='ocrx_word' id='word_1_184' title='bbox 662 2662 791 2742; x_wconf 83' lang='grc' dir='ltr'>τραπέζας</span> 
     </span>
     <span class='ocr_line' id='line_1_27' title="bbox 141 2747 763 2832; baseline -0.013 -19"><span class='ocrx_word' id='word_1_185' title='bbox 141 2752 231 2820; x_wconf 89' lang='grc' dir='ltr'>πάσας</span> <span class='ocrx_word' id='word_1_186' title='bbox 239 2749 441 2832; x_wconf 72' lang='grc' dir='ltr'>ἀμφιμάσασθε,</span> <span class='ocrx_word' id='word_1_187' title='bbox 451 2748 582 2831; x_wconf 88' lang='grc' dir='ltr'>καθήρατε</span> <span class='ocrx_word' id='word_1_188' title='bbox 593 2747 621 2806; x_wconf 84' lang='grc' dir='ltr'>δέ</span> <span class='ocrx_word' id='word_1_189' title='bbox 630 2754 763 2830; x_wconf 89' lang='grc' dir='ltr'>κρητῆρας</span> 
     </span>
     <span class='ocr_line' id='line_1_28' title="bbox 141 2834 860 2920; baseline -0.006 -21"><span class='ocrx_word' id='word_1_190' title='bbox 141 2840 188 2900; x_wconf 78' lang='grc' dir='ltr'>καὶ</span> <span class='ocrx_word' id='word_1_191' title='bbox 198 2839 263 2899; x_wconf 90' lang='grc' dir='ltr'>δέπα</span> <span class='ocrx_word' id='word_1_192' title='bbox 274 2835 460 2919; x_wconf 72' lang='grc' dir='ltr'>ἀμφικύπελλα</span> <span class='ocrx_word' id='word_1_193' title='bbox 470 2834 622 2914; x_wconf 78' lang='grc' dir='ltr'>τετυγμένα·</span> <span class='ocrx_word' id='word_1_194' title='bbox 633 2835 677 2894; x_wconf 74' lang='grc' dir='ltr'>ταί</span> <span class='ocrx_word' id='word_1_195' title='bbox 687 2834 715 2895; x_wconf 82' lang='grc' dir='ltr'>δέ</span> <span class='ocrx_word' id='word_1_196' title='bbox 725 2836 781 2914; x_wconf 87' lang='grc' dir='ltr'>μεθ’</span> <span class='ocrx_word' id='word_1_197' title='bbox 791 2834 860 2920; x_wconf 76' lang='grc' dir='ltr'>ὓδωρ</span> 
     </span>
     <span class='ocr_line' id='line_1_29' title="bbox 143 2923 739 3010; baseline -0.007 -23"><span class='ocrx_word' id='word_1_198' title='bbox 143 2928 250 3010; x_wconf 81' lang='grc' dir='ltr'>ἔρχεσθε</span> <span class='ocrx_word' id='word_1_199' title='bbox 259 2926 385 3006; x_wconf 86' lang='grc' dir='ltr'>κρήνηνδε</span> <span class='ocrx_word' id='word_1_200' title='bbox 395 2923 440 2982; x_wconf 80' lang='grc' dir='ltr'>καὶ</span> <span class='ocrx_word' id='word_1_201' title='bbox 450 2923 533 2983; x_wconf 86' lang='grc' dir='ltr'>οίσετε</span> <span class='ocrx_word' id='word_1_202' title='bbox 543 2929 637 2982; x_wconf 77' lang='grc' dir='ltr'>θᾶσσον</span> <span class='ocrx_word' id='word_1_203' title='bbox 646 2926 739 2984; x_wconf 78' lang='grc' dir='ltr'>ἰοῦσαι.</span> 
     </span>
    </p>

    <p class='ocr_par' dir='ltr' id='par_1_14' title="bbox 91 3011 867 3183">
     <span class='ocr_line' id='line_1_30' title="bbox 91 3011 777 3097; baseline -0.009 -20"><span class='ocrx_word' id='word_1_204' title='bbox 91 3037 129 3076; x_wconf 76' lang='lat' dir='ltr'>tos</span> <span class='ocrx_word' id='word_1_205' title='bbox 143 3019 184 3076; x_wconf 88' lang='grc' dir='ltr'>Οὐ</span> <span class='ocrx_word' id='word_1_206' title='bbox 194 3015 244 3097; x_wconf 89' lang='grc' dir='ltr'>γδιρ</span> <span class='ocrx_word' id='word_1_207' title='bbox 254 3013 302 3085; x_wconf 81' lang='grc' dir='ltr'>δὴν</span> <span class='ocrx_word' id='word_1_208' title='bbox 313 3018 458 3093; x_wconf 76' lang='grc' dir='ltr'>μνηστῆρες</span> <span class='ocrx_word' id='word_1_209' title='bbox 469 3011 628 3070; x_wconf 75' lang='grc' dir='ltr'>ἀπέσσονται</span> <span class='ocrx_word' id='word_1_210' title='bbox 638 3011 777 3094; x_wconf 86' lang='grc' dir='ltr'>μεγάροιο,</span> 
     </span>
     <span class='ocr_line' id='line_1_31' title="bbox 142 3094 867 3183; baseline -0.006 -19"><span class='ocrx_word' id='word_1_211' title='bbox 142 3104 210 3164; x_wconf 81' lang='grc' dir='ltr'>ἀλλά</span> <span class='ocrx_word' id='word_1_212' title='bbox 221 3102 282 3182; x_wconf 86' lang='grc' dir='ltr'>μάλ’</span> <span class='ocrx_word' id='word_1_213' title='bbox 292 3094 336 3183; x_wconf 82' lang='grc' dir='ltr'>ήρι</span> <span class='ocrx_word' id='word_1_214' title='bbox 346 3100 453 3160; x_wconf 89' lang='grc' dir='ltr'>νέονται·</span> <span class='ocrx_word' id='word_1_215' title='bbox 464 3099 520 3159; x_wconf 77' lang='grc' dir='ltr'>ἐπεὶ</span> <span class='ocrx_word' id='word_1_216' title='bbox 530 3100 574 3157; x_wconf 80' lang='grc' dir='ltr'>καί</span> <span class='ocrx_word' id='word_1_217' title='bbox 583 3109 664 3159; x_wconf 77' lang='grc' dir='ltr'>πᾶσιν</span> <span class='ocrx_word' id='word_1_218' title='bbox 673 3100 758 3182; x_wconf 83' lang='grc' dir='ltr'>ἑορτή.</span> <span class='ocrx_word' id='word_1_219' title='bbox 773 3102 867 3178; x_wconf 84' lang='grc' dir='ltr'>[θοντο.</span> 
     </span>
    </p>

    <p class='ocr_par' dir='ltr' id='par_1_15' title="bbox 142 3184 868 3441">
     <span class='ocr_line' id='line_1_32' title="bbox 181 3184 868 3270; baseline -0.003 -20"><span class='ocrx_word' id='word_1_220' title='bbox 181 3190 231 3258; x_wconf 80' lang='grc' dir='ltr'>Ὣς</span> <span class='ocrx_word' id='word_1_221' title='bbox 241 3190 321 3270; x_wconf 80' lang='grc' dir='ltr'>ἔροιθ’·</span> <span class='ocrx_word' id='word_1_222' title='bbox 332 3193 359 3248; x_wconf 83' lang='grc' dir='ltr'>αἱ</span> <span class='ocrx_word' id='word_1_223' title='bbox 370 3190 392 3247; x_wconf 90' lang='grc' dir='ltr'>δ’</span> <span class='ocrx_word' id='word_1_224' title='bbox 404 3188 455 3269; x_wconf 88' lang='grc' dir='ltr'>ἀρα</span> <span class='ocrx_word' id='word_1_225' title='bbox 467 3193 513 3258; x_wconf 89' lang='grc' dir='ltr'>τῆς</span> <span class='ocrx_word' id='word_1_226' title='bbox 523 3186 596 3265; x_wconf 89' lang='grc' dir='ltr'>μάλα</span> <span class='ocrx_word' id='word_1_227' title='bbox 607 3184 654 3266; x_wconf 82' lang='grc' dir='ltr'>μὲν</span> <span class='ocrx_word' id='word_1_228' title='bbox 663 3187 742 3247; x_wconf 91' lang='grc' dir='ltr'>κλύον</span> <span class='ocrx_word' id='word_1_229' title='bbox 755 3189 796 3260; x_wconf 82' lang='grc' dir='ltr'>ἠδ’</span> <span class='ocrx_word' id='word_1_230' title='bbox 808 3189 868 3248; x_wconf 78' lang='grc' dir='ltr'>ἐπί-</span> 
     </span>
     <span class='ocr_line' id='line_1_33' title="bbox 143 3273 768 3357; baseline -0.008 -19"><span class='ocrx_word' id='word_1_231' title='bbox 143 3283 178 3340; x_wconf 80' lang='grc' dir='ltr'>Αί</span> <span class='ocrx_word' id='word_1_232' title='bbox 188 3277 236 3356; x_wconf 82' lang='grc' dir='ltr'>μέν</span> <span class='ocrx_word' id='word_1_233' title='bbox 246 3277 340 3336; x_wconf 80' lang='grc' dir='ltr'>ἐείκοσι</span> <span class='ocrx_word' id='word_1_234' title='bbox 351 3281 435 3355; x_wconf 88' lang='grc' dir='ltr'>βῆσαν</span> <span class='ocrx_word' id='word_1_235' title='bbox 443 3275 485 3334; x_wconf 74' lang='grc' dir='ltr'>ἐπὶ</span> <span class='ocrx_word' id='word_1_236' title='bbox 494 3274 592 3356; x_wconf 82' lang='grc' dir='ltr'>κρήνην</span> <span class='ocrx_word' id='word_1_237' title='bbox 602 3273 768 3357; x_wconf 84' lang='grc' dir='ltr'>μελάνυδρον·</span> 
     </span>
     <span class='ocr_line' id='line_1_34' title="bbox 142 3362 802 3441; baseline -0.003 -16"><span class='ocrx_word' id='word_1_238' title='bbox 142 3370 170 3425; x_wconf 81' lang='grc' dir='ltr'>αἱ</span> <span class='ocrx_word' id='word_1_239' title='bbox 180 3367 201 3424; x_wconf 90' lang='grc' dir='ltr'>δ’</span> <span class='ocrx_word' id='word_1_240' title='bbox 212 3368 291 3424; x_wconf 82' lang='grc' dir='ltr'>αὐτοῦ</span> <span class='ocrx_word' id='word_1_241' title='bbox 301 3363 369 3423; x_wconf 88' lang='grc' dir='ltr'>κατδι</span> <span class='ocrx_word' id='word_1_242' title='bbox 380 3363 479 3441; x_wconf 81' lang='grc' dir='ltr'>δώματ’</span> <span class='ocrx_word' id='word_1_243' title='bbox 490 3362 667 3441; x_wconf 83' lang='grc' dir='ltr'>ἐπισταμένως</span> <span class='ocrx_word' id='word_1_244' title='bbox 673 3362 802 3423; x_wconf 89' lang='grc' dir='ltr'>πονέοντο.</span> 
     </span>
    </p>

    <p class='ocr_par' dir='ltr' id='par_1_16' title="bbox 90 3444 847 3883">
     <span class='ocr_line' id='line_1_35' title="bbox 90 3444 819 3532; baseline -0.007 -17"><span class='ocrx_word' id='word_1_245' title='bbox 90 3476 129 3515; x_wconf 82' lang='lat' dir='ltr'>too</span> <span class='ocrx_word' id='word_1_246' title='bbox 182 3453 229 3520; x_wconf 83' lang='grc' dir='ltr'>Ἐς</span> <span class='ocrx_word' id='word_1_247' title='bbox 238 3453 260 3512; x_wconf 85' lang='grc' dir='ltr'>δ’</span> <span class='ocrx_word' id='word_1_248' title='bbox 269 3444 348 3524; x_wconf 81' lang='grc' dir='ltr'>ήλθον</span> <span class='ocrx_word' id='word_1_249' title='bbox 358 3453 499 3532; x_wconf 79' lang='grc' dir='ltr'>δρηστῆρες</span> <span class='ocrx_word' id='word_1_250' title='bbox 509 3450 628 3529; x_wconf 77' lang='grc' dir='ltr'>Ἀχαιῶν·</span> <span class='ocrx_word' id='word_1_251' title='bbox 638 3454 662 3510; x_wconf 81' lang='grc' dir='ltr'>οἱ</span> <span class='ocrx_word' id='word_1_252' title='bbox 672 3448 719 3528; x_wconf 82' lang='grc' dir='ltr'>μέν</span> <span class='ocrx_word' id='word_1_253' title='bbox 729 3451 819 3510; x_wconf 86' lang='grc' dir='ltr'>ἔπειτα</span> 
     </span>
     <span class='ocr_line' id='line_1_36' title="bbox 141 3532 820 3618; baseline -0.001 -18"><span class='ocrx_word' id='word_1_254' title='bbox 141 3532 170 3600; x_wconf 81' lang='grc' dir='ltr'>εὐ</span> <span class='ocrx_word' id='word_1_255' title='bbox 179 3541 225 3599; x_wconf 81' lang='grc' dir='ltr'>καὶ</span> <span class='ocrx_word' id='word_1_256' title='bbox 234 3537 410 3616; x_wconf 80' lang='grc' dir='ltr'>ἐπισταμένοις</span> <span class='ocrx_word' id='word_1_257' title='bbox 420 3536 517 3596; x_wconf 81' lang='grc' dir='ltr'>κέασαν</span> <span class='ocrx_word' id='word_1_258' title='bbox 528 3536 599 3606; x_wconf 78' lang='grc' dir='ltr'>ξύλα·</span> <span class='ocrx_word' id='word_1_259' title='bbox 610 3538 654 3596; x_wconf 75' lang='grc' dir='ltr'>ταί</span> <span class='ocrx_word' id='word_1_260' title='bbox 664 3537 691 3597; x_wconf 80' lang='grc' dir='ltr'>δέ</span> <span class='ocrx_word' id='word_1_261' title='bbox 701 3547 820 3618; x_wconf 87' lang='grc' dir='ltr'>γυναῖκες</span> 
     </span>
     <span class='ocr_line' id='line_1_37' title="bbox 140 3615 795 3707; baseline -0.005 -20"><span class='ocrx_word' id='word_1_262' title='bbox 140 3621 220 3701; x_wconf 81' lang='grc' dir='ltr'>ῆλθον</span> <span class='ocrx_word' id='word_1_263' title='bbox 229 3625 282 3684; x_wconf 81' lang='grc' dir='ltr'>ἀπὸ</span> <span class='ocrx_word' id='word_1_264' title='bbox 291 3626 395 3707; x_wconf 81' lang='grc' dir='ltr'>κρήνης·</span> <span class='ocrx_word' id='word_1_265' title='bbox 406 3623 449 3681; x_wconf 81' lang='grc' dir='ltr'>ε’πλ</span> <span class='ocrx_word' id='word_1_266' title='bbox 459 3623 487 3682; x_wconf 88' lang='grc' dir='ltr'>δέ</span> <span class='ocrx_word' id='word_1_267' title='bbox 495 3647 582 3704; x_wconf 82' lang='grc' dir='ltr'>σρισιν</span> <span class='ocrx_word' id='word_1_268' title='bbox 592 3615 654 3695; x_wconf 82' lang='grc' dir='ltr'>ήλθε</span> <span class='ocrx_word' id='word_1_269' title='bbox 664 3625 795 3699; x_wconf 77' lang='grc' dir='ltr'>συύώτης,</span> 
     </span>
     <span class='ocr_line' id='line_1_38' title="bbox 139 3709 847 3798; baseline -0.001 -23"><span class='ocrx_word' id='word_1_270' title='bbox 139 3725 208 3798; x_wconf 91' lang='grc' dir='ltr'>τρεῖς</span> <span class='ocrx_word' id='word_1_271' title='bbox 215 3712 319 3780; x_wconf 88' lang='grc' dir='ltr'>σιάλους</span> <span class='ocrx_word' id='word_1_272' title='bbox 328 3710 458 3789; x_wconf 87' lang='grc' dir='ltr'>κατάγων,</span> <span class='ocrx_word' id='word_1_273' title='bbox 466 3709 490 3770; x_wconf 74' lang='lat' dir='ltr'>ol</span> <span class='ocrx_word' id='word_1_274' title='bbox 500 3711 562 3769; x_wconf 87' lang='grc' dir='ltr'>ε’σαν</span> <span class='ocrx_word' id='word_1_275' title='bbox 572 3710 638 3789; x_wconf 89' lang='grc' dir='ltr'>μετδι</span> <span class='ocrx_word' id='word_1_276' title='bbox 648 3721 728 3771; x_wconf 80' lang='grc' dir='ltr'>πᾶσιν</span> <span class='ocrx_word' id='word_1_277' title='bbox 738 3714 847 3795; x_wconf 88' lang='grc' dir='ltr'>ἀριστοι.</span> 
     </span>
     <span class='ocr_line' id='line_1_39' title="bbox 140 3796 809 3883; baseline -0.001 -21"><span class='ocrx_word' id='word_1_278' title='bbox 140 3802 197 3864; x_wconf 74' lang='lat' dir='ltr'>Kal</span> <span class='ocrx_word' id='word_1_279' title='bbox 205 3799 262 3870; x_wconf 86' lang='grc' dir='ltr'>τούς</span> <span class='ocrx_word' id='word_1_280' title='bbox 272 3799 319 3878; x_wconf 78' lang='grc' dir='ltr'>μέν</span> <span class='ocrx_word' id='word_1_281' title='bbox 330 3803 352 3883; x_wconf 76' lang='grc' dir='ltr'>ρ’</span> <span class='ocrx_word' id='word_1_282' title='bbox 362 3799 432 3858; x_wconf 79' lang='grc' dir='ltr'>εἴασε</span> <span class='ocrx_word' id='word_1_283' title='bbox 442 3799 500 3857; x_wconf 88' lang='grc' dir='ltr'>καθ’</span> <span class='ocrx_word' id='word_1_284' title='bbox 510 3796 586 3879; x_wconf 79' lang='grc' dir='ltr'>έρκεει</span> <span class='ocrx_word' id='word_1_285' title='bbox 596 3797 666 3857; x_wconf 81' lang='grc' dir='ltr'>καλδι</span> <span class='ocrx_word' id='word_1_286' title='bbox 674 3800 809 3877; x_wconf 90' lang='grc' dir='ltr'>νέμεσθαι,</span> 
     </span>
    </p>

    <p class='ocr_par' dir='ltr' id='par_1_17' title="bbox 89 3881 768 3968">
     <span class='ocr_line' id='line_1_40' title="bbox 89 3881 768 3968; baseline -0.01 -16"><span class='ocrx_word' id='word_1_287' title='bbox 89 3913 126 3952; x_wconf 80' lang='lat' dir='ltr'>ros</span> <span class='ocrx_word' id='word_1_288' title='bbox 135 3890 213 3957; x_wconf 76' lang='grc' dir='ltr'>αὐτὸς</span> <span class='ocrx_word' id='word_1_289' title='bbox 224 3889 246 3947; x_wconf 89' lang='grc' dir='ltr'>δ’</span> <span class='ocrx_word' id='word_1_290' title='bbox 256 3881 312 3947; x_wconf 74' lang='grc' dir='ltr'>οὐτ’</span> <span class='ocrx_word' id='word_1_291' title='bbox 323 3888 443 3954; x_wconf 78' lang='grc' dir='ltr'>Ὀδυσῆα</span> <span class='ocrx_word' id='word_1_292' title='bbox 452 3885 584 3968; x_wconf 88' lang='grc' dir='ltr'>προςηύδα</span> <span class='ocrx_word' id='word_1_293' title='bbox 594 3885 768 3966; x_wconf 89' lang='grc' dir='ltr'>μειλιχίοισιν·</span> 
     </span>
    </p>

    <p class='ocr_par' dir='ltr' id='par_1_18' title="bbox 138 3967 867 4144">
     <span class='ocr_line' id='line_1_41' title="bbox 180 3967 779 4056; baseline -0.002 -21"><span class='ocrx_word' id='word_1_294' title='bbox 180 3975 261 4048; x_wconf 91' lang='grc' dir='ltr'>Ξεῖν’,</span> <span class='ocrx_word' id='word_1_295' title='bbox 271 3967 288 4047; x_wconf 77' lang='grc' dir='ltr'>ἦ</span> <span class='ocrx_word' id='word_1_296' title='bbox 298 3974 331 4055; x_wconf 89' lang='grc' dir='ltr'>ἀρ</span> <span class='ocrx_word' id='word_1_297' title='bbox 340 3974 366 4032; x_wconf 86' lang='grc' dir='ltr'>τί</span> <span class='ocrx_word' id='word_1_298' title='bbox 375 3999 404 4033; x_wconf 92' lang='grc' dir='ltr'>σε</span> <span class='ocrx_word' id='word_1_299' title='bbox 415 3976 514 4049; x_wconf 84' lang='grc' dir='ltr'>μᾶλλον</span> <span class='ocrx_word' id='word_1_300' title='bbox 525 3973 625 4052; x_wconf 78' lang='grc' dir='ltr'>Ἀχαιοὶ</span> <span class='ocrx_word' id='word_1_301' title='bbox 635 3973 779 4056; x_wconf 82' lang='grc' dir='ltr'>εἷςορόωσιν</span> 
     </span>
     <span class='ocr_line' id='line_1_42' title="bbox 138 4059 867 4144; baseline -0.004 -20"><span class='ocrx_word' id='word_1_302' title='bbox 138 4064 172 4138; x_wconf 83' lang='grc' dir='ltr'>ἠέ</span> <span class='ocrx_word' id='word_1_303' title='bbox 179 4068 202 4123; x_wconf 91' lang='grc' dir='ltr'>σ’</span> <span class='ocrx_word' id='word_1_304' title='bbox 209 4062 363 4141; x_wconf 73' lang='grc' dir='ltr'>ἀτιμάζουσι</span> <span class='ocrx_word' id='word_1_305' title='bbox 370 4060 438 4120; x_wconf 87' lang='grc' dir='ltr'>κατδι</span> <span class='ocrx_word' id='word_1_306' title='bbox 445 4060 547 4141; x_wconf 86' lang='grc' dir='ltr'>μέγαρ’,</span> <span class='ocrx_word' id='word_1_307' title='bbox 555 4059 778 4144; x_wconf 85' lang='grc' dir='ltr'>ὡςτὸπάροςπερ;</span> <span class='ocrx_word' id='word_1_308' title='bbox 788 4061 867 4143; x_wconf 64' lang='lat' dir='ltr'>[orric</span> 
     </span>
    </p>

    <p class='ocr_par' dir='ltr' id='par_1_19' title="bbox 139 4146 868 4320">
     <span class='ocr_line' id='line_1_43' title="bbox 180 4146 868 4229; baseline -0.003 -18"><span class='ocrx_word' id='word_1_309' title='bbox 180 4152 235 4212; x_wconf 85' lang='grc' dir='ltr'>Τδν</span> <span class='ocrx_word' id='word_1_310' title='bbox 246 4151 268 4209; x_wconf 89' lang='grc' dir='ltr'>δ’</span> <span class='ocrx_word' id='word_1_311' title='bbox 278 4147 488 4227; x_wconf 80' lang='grc' dir='ltr'>ἀπαμειόόμενος</span> <span class='ocrx_word' id='word_1_312' title='bbox 497 4146 609 4229; x_wconf 81' lang='grc' dir='ltr'>προςέρη</span> <span class='ocrx_word' id='word_1_313' title='bbox 619 4146 764 4226; x_wconf 89' lang='grc' dir='ltr'>πολύμητις</span> <span class='ocrx_word' id='word_1_314' title='bbox 775 4150 868 4210; x_wconf 88' lang='grc' dir='ltr'>Ὀδυσ-</span> 
     </span>
     <span class='ocr_line' id='line_1_44' title="bbox 139 4233 708 4320; baseline -0.007 -22"><span class='ocrx_word' id='word_1_315' title='bbox 139 4236 168 4298; x_wconf 75' lang='grc' dir='ltr'>αθ</span> <span class='ocrx_word' id='word_1_316' title='bbox 177 4237 228 4320; x_wconf 90' lang='grc' dir='ltr'>γάρ</span> <span class='ocrx_word' id='word_1_317' title='bbox 239 4237 285 4311; x_wconf 77' lang='grc' dir='ltr'>δή,</span> <span class='ocrx_word' id='word_1_318' title='bbox 295 4236 411 4314; x_wconf 82' lang='grc' dir='ltr'>Εὔμαιε,</span> <span class='ocrx_word' id='word_1_319' title='bbox 421 4235 473 4294; x_wconf 84' lang='grc' dir='ltr'>θεολ</span> <span class='ocrx_word' id='word_1_320' title='bbox 481 4233 601 4292; x_wconf 88' lang='grc' dir='ltr'>τισαίατο</span> <span class='ocrx_word' id='word_1_321' title='bbox 609 4233 708 4309; x_wconf 83' lang='grc' dir='ltr'>λῶύην,</span> 
     </span>
    </p>

    <p class='ocr_par' dir='ltr' id='par_1_20' title="bbox 89 4320 767 4495">
     <span class='ocr_line' id='line_1_45' title="bbox 89 4320 728 4405; baseline -0.009 -18"><span class='ocrx_word' id='word_1_322' title='bbox 89 4347 125 4387; x_wconf 84' lang='lat'>170</span> <span class='ocrx_word' id='word_1_323' title='bbox 138 4327 171 4398; x_wconf 81' lang='grc' dir='ltr'>ῆν</span> <span class='ocrx_word' id='word_1_324' title='bbox 181 4324 229 4385; x_wconf 79' lang='grc' dir='ltr'>οἵδ’</span> <span class='ocrx_word' id='word_1_325' title='bbox 240 4324 384 4405; x_wconf 76' lang='grc' dir='ltr'>θύρίζοντες</span> <span class='ocrx_word' id='word_1_326' title='bbox 394 4320 530 4381; x_wconf 79' lang='grc' dir='ltr'>ἀτάσθαλα</span> <span class='ocrx_word' id='word_1_327' title='bbox 541 4320 728 4401; x_wconf 87' lang='grc' dir='ltr'>μηχανόωνται</span> 
     </span>
     <span class='ocr_line' id='line_1_46' title="bbox 138 4409 767 4495; baseline -0.005 -21"><span class='ocrx_word' id='word_1_328' title='bbox 138 4414 203 4495; x_wconf 84' lang='grc' dir='ltr'>οῐκῳ</span> <span class='ocrx_word' id='word_1_329' title='bbox 213 4416 240 4472; x_wconf 75' lang='grc' dir='ltr'>ἐν</span> <span class='ocrx_word' id='word_1_330' title='bbox 248 4411 384 4494; x_wconf 82' lang='grc' dir='ltr'>ἀλλοτρίῳ,</span> <span class='ocrx_word' id='word_1_331' title='bbox 394 4412 447 4469; x_wconf 90' lang='grc' dir='ltr'>οὐδ’</span> <span class='ocrx_word' id='word_1_332' title='bbox 459 4411 544 4476; x_wconf 78' lang='grc' dir='ltr'>αἰδοῦς</span> <span class='ocrx_word' id='word_1_333' title='bbox 554 4418 646 4490; x_wconf 85' lang='grc' dir='ltr'>μοῖραν</span> <span class='ocrx_word' id='word_1_334' title='bbox 656 4409 767 4490; x_wconf 83' lang='grc' dir='ltr'>ἔχουσιν.</span> 
     </span>
    </p>

    <p class='ocr_par' dir='ltr' id='par_1_21' title="bbox 138 4497 840 4757">
     <span class='ocr_line' id='line_1_47' title="bbox 178 4497 786 4582; baseline -0.002 -21"><span class='ocrx_word' id='word_1_335' title='bbox 178 4502 229 4568; x_wconf 86' lang='grc' dir='ltr'>Ὣς</span> <span class='ocrx_word' id='word_1_336' title='bbox 237 4505 261 4560; x_wconf 82' lang='grc' dir='ltr'>οἱ</span> <span class='ocrx_word' id='word_1_337' title='bbox 272 4501 319 4579; x_wconf 79' lang='grc' dir='ltr'>μὲν</span> <span class='ocrx_word' id='word_1_338' title='bbox 328 4507 436 4559; x_wconf 80' lang='grc' dir='ltr'>τοιαῦτα</span> <span class='ocrx_word' id='word_1_339' title='bbox 446 4498 509 4580; x_wconf 82' lang='grc' dir='ltr'>πρὸς</span> <span class='ocrx_word' id='word_1_340' title='bbox 518 4498 646 4571; x_wconf 89' lang='grc' dir='ltr'>ἀλλήλους</span> <span class='ocrx_word' id='word_1_341' title='bbox 656 4497 786 4582; x_wconf 88' lang='grc' dir='ltr'>ἀγόρευον.</span> 
     </span>
     <span class='ocr_line' id='line_1_48' title="bbox 138 4581 840 4670; baseline -0.004 -19"><span class='ocrx_word' id='word_1_342' title='bbox 138 4589 295 4669; x_wconf 73' lang='grc' dir='ltr'>Ἀγχίμολον</span> <span class='ocrx_word' id='word_1_343' title='bbox 303 4587 331 4647; x_wconf 88' lang='grc' dir='ltr'>δέ</span> <span class='ocrx_word' id='word_1_344' title='bbox 341 4593 384 4670; x_wconf 81' lang='grc' dir='ltr'>αρ’</span> <span class='ocrx_word' id='word_1_345' title='bbox 393 4581 455 4662; x_wconf 80' lang='grc' dir='ltr'>ῆλθε</span> <span class='ocrx_word' id='word_1_346' title='bbox 466 4585 623 4659; x_wconf 86' lang='grc' dir='ltr'>Μελάνθιος,</span> <span class='ocrx_word' id='word_1_347' title='bbox 634 4586 741 4654; x_wconf 75' lang='grc' dir='ltr'>αἰπόλος</span> <span class='ocrx_word' id='word_1_348' title='bbox 750 4591 840 4669; x_wconf 81' lang='grc' dir='ltr'>αἰγῶν,</span> 
     </span>
     <span class='ocr_line' id='line_1_49' title="bbox 138 4668 762 4757; baseline -0.005 -22"><span class='ocrx_word' id='word_1_349' title='bbox 138 4668 216 4756; x_wconf 75' lang='grc' dir='ltr'>αἶγας</span> <span class='ocrx_word' id='word_1_350' title='bbox 225 4675 306 4756; x_wconf 85' lang='grc' dir='ltr'>άγων,</span> <span class='ocrx_word' id='word_1_351' title='bbox 315 4676 344 4734; x_wconf 85' lang='grc' dir='ltr'>αἳ</span> <span class='ocrx_word' id='word_1_352' title='bbox 352 4686 417 4735; x_wconf 79' lang='grc' dir='ltr'>πᾶσι</span> <span class='ocrx_word' id='word_1_353' title='bbox 427 4674 588 4757; x_wconf 88' lang='grc' dir='ltr'>μετέπρεπον</span> <span class='ocrx_word' id='word_1_354' title='bbox 598 4673 762 4747; x_wconf 83' lang='grc' dir='ltr'>αἰπολίοισιν,</span> 
     </span>
    </p>

    <p class='ocr_par' dir='ltr' id='par_1_22' title="bbox 89 4760 805 5022">
     <span class='ocr_line' id='line_1_50' title="bbox 89 4760 805 4845; baseline 0 -22"><span class='ocrx_word' id='word_1_355' title='bbox 89 4784 125 4824; x_wconf 82' lang='lat'>175</span> <span class='ocrx_word' id='word_1_356' title='bbox 139 4765 242 4823; x_wconf 69' lang='lat' dir='ltr'>briareos</span> <span class='ocrx_word' id='word_1_357' title='bbox 252 4765 437 4845; x_wconf 65' lang='grc' dir='ltr'>μνησῖύθεσσι·</span> <span class='ocrx_word' id='word_1_358' title='bbox 451 4762 503 4821; x_wconf 91' lang='grc' dir='ltr'>δύω</span> <span class='ocrx_word' id='word_1_359' title='bbox 513 4762 535 4820; x_wconf 90' lang='grc' dir='ltr'>δ’</span> <span class='ocrx_word' id='word_1_360' title='bbox 545 4761 591 4840; x_wconf 82' lang='grc' dir='ltr'>ἀμ’</span> <span class='ocrx_word' id='word_1_361' title='bbox 602 4760 694 4822; x_wconf 77' lang='grc' dir='ltr'>ἕποντο</span> <span class='ocrx_word' id='word_1_362' title='bbox 703 4767 805 4840; x_wconf 86' lang='grc' dir='ltr'>νομῆες.</span> 
     </span>
     <span class='ocr_line' id='line_1_51' title="bbox 138 4848 778 4933; baseline -0.005 -20"><span class='ocrx_word' id='word_1_363' title='bbox 138 4852 196 4914; x_wconf 76' lang='lat' dir='ltr'>Kal</span> <span class='ocrx_word' id='word_1_364' title='bbox 204 4851 251 4919; x_wconf 74' lang='grc' dir='ltr'>τὰς</span> <span class='ocrx_word' id='word_1_365' title='bbox 260 4855 308 4930; x_wconf 86' lang='grc' dir='ltr'>μὲν</span> <span class='ocrx_word' id='word_1_366' title='bbox 317 4850 460 4923; x_wconf 88' lang='grc' dir='ltr'>κατέδησεν</span> <span class='ocrx_word' id='word_1_367' title='bbox 469 4853 512 4909; x_wconf 81' lang='grc' dir='ltr'>ὑπ’</span> <span class='ocrx_word' id='word_1_368' title='bbox 523 4848 631 4930; x_wconf 76' lang='grc' dir='ltr'>αἰθούσῃ</span> <span class='ocrx_word' id='word_1_369' title='bbox 643 4849 778 4933; x_wconf 73' lang='grc' dir='ltr'>ἐριδούπῳ·</span> 
     </span>
     <span class='ocr_line' id='line_1_52' title="bbox 140 4930 777 5022; baseline 0 -23"><span class='ocrx_word' id='word_1_370' title='bbox 140 4939 218 5006; x_wconf 80' lang='grc' dir='ltr'>αὐτὸς</span> <span class='ocrx_word' id='word_1_371' title='bbox 227 4939 249 4997; x_wconf 92' lang='grc' dir='ltr'>δ’</span> <span class='ocrx_word' id='word_1_372' title='bbox 260 4930 317 4997; x_wconf 69' lang='grc' dir='ltr'>αὖτ’</span> <span class='ocrx_word' id='word_1_373' title='bbox 328 4939 446 5010; x_wconf 79' lang='grc' dir='ltr'>Ὀδυσῆα</span> <span class='ocrx_word' id='word_1_374' title='bbox 456 4939 586 5021; x_wconf 87' lang='grc' dir='ltr'>προςηύδα</span> <span class='ocrx_word' id='word_1_375' title='bbox 596 4939 777 5022; x_wconf 87' lang='grc' dir='ltr'>κερτομίοισιν·</span> 
     </span>
    </p>

    <p class='ocr_par' dir='ltr' id='par_1_23' title="bbox 140 5025 796 5197">
     <span class='ocr_line' id='line_1_53' title="bbox 179 5025 796 5106; baseline 0.002 -20"><span class='ocrx_word' id='word_1_376' title='bbox 179 5025 261 5098; x_wconf 86' lang='grc' dir='ltr'>Ξεῖν’,</span> <span class='ocrx_word' id='word_1_377' title='bbox 272 5025 309 5084; x_wconf 85' lang='grc' dir='ltr'>ἔτι</span> <span class='ocrx_word' id='word_1_378' title='bbox 318 5026 364 5084; x_wconf 78' lang='grc' dir='ltr'>καί</span> <span class='ocrx_word' id='word_1_379' title='bbox 374 5031 417 5084; x_wconf 79' lang='grc' dir='ltr'>νῶν</span> <span class='ocrx_word' id='word_1_380' title='bbox 428 5026 511 5085; x_wconf 77' lang='grc' dir='ltr'>ἐνθάδ’</span> <span class='ocrx_word' id='word_1_381' title='bbox 521 5027 633 5100; x_wconf 90' lang='grc' dir='ltr'>ἀνιήσεις</span> <span class='ocrx_word' id='word_1_382' title='bbox 642 5025 711 5086; x_wconf 69' lang='grc' dir='ltr'>κατὰ</span> <span class='ocrx_word' id='word_1_383' title='bbox 720 5028 796 5106; x_wconf 90' lang='grc' dir='ltr'>δῶμα</span> 
     </span>
     <span class='ocr_line' id='line_1_54' title="bbox 140 5112 716 5197; baseline -0.002 -22"><span class='ocrx_word' id='word_1_384' title='bbox 140 5113 233 5197; x_wconf 87' lang='grc' dir='ltr'>ἀνέρας</span> <span class='ocrx_word' id='word_1_385' title='bbox 242 5114 360 5187; x_wconf 74' lang='grc' dir='ltr'>αἰτίζωνς</span> <span class='ocrx_word' id='word_1_386' title='bbox 371 5112 439 5196; x_wconf 82' lang='grc' dir='ltr'>ἀτάρ</span> <span class='ocrx_word' id='word_1_387' title='bbox 448 5116 495 5173; x_wconf 87' lang='grc' dir='ltr'>οὐκ</span> <span class='ocrx_word' id='word_1_388' title='bbox 505 5113 600 5182; x_wconf 78' lang='grc' dir='ltr'>ἔξειςθα</span> <span class='ocrx_word' id='word_1_389' title='bbox 610 5114 716 5197; x_wconf 74' lang='grc' dir='ltr'>θύραζες</span> 
     </span>
    </p>

    <p class='ocr_par' dir='ltr' id='par_1_24' title="bbox 89 5200 646 5283">
     <span class='ocr_line' id='line_1_55' title="bbox 89 5200 646 5283; baseline -0.007 -18"><span class='ocrx_word' id='word_1_390' title='bbox 89 5224 127 5265; x_wconf 79' lang='grc' dir='ltr'>ιευ</span> <span class='ocrx_word' id='word_1_391' title='bbox 139 5202 244 5270; x_wconf 80' lang='grc' dir='ltr'>πόντιος</span> <span class='ocrx_word' id='word_1_392' title='bbox 252 5201 337 5261; x_wconf 89' lang='grc' dir='ltr'>οὐκέτι</span> <span class='ocrx_word' id='word_1_393' title='bbox 346 5206 393 5262; x_wconf 84' lang='grc' dir='ltr'>νῶϊ</span> <span class='ocrx_word' id='word_1_394' title='bbox 403 5200 590 5283; x_wconf 85' lang='grc' dir='ltr'>διακρινέεσθαι</span> <span class='ocrx_word' id='word_1_395' title='bbox 599 5200 646 5262; x_wconf 77' lang='grc' dir='ltr'>δέω</span> 
     </span>
    </p>
   </div>
   <div class='ocr_carea' id='block_1_3' title="bbox 1156 435 1460 499">
    <p class='ocr_par' dir='ltr' id='par_1_25' title="bbox 1156 435 1460 499">
     <span class='ocr_line' id='line_1_56' title="bbox 1156 435 1460 499; baseline 0.016 -5"><span class='ocrx_word' id='word_1_396' title='bbox 1156 435 1366 497; x_wconf 85' lang='lat' dir='ltr'><strong>ODYSSEAE</strong></span> <span class='ocrx_word' id='word_1_397' title='bbox 1391 440 1460 499; x_wconf 82' lang='lat' dir='ltr'>XX.</span> 
     </span>
    </p>
   </div>
   <div class='ocr_carea' id='block_1_4' title="bbox 918 562 1697 1510">
    <p class='ocr_par' dir='ltr' id='par_1_26' title="bbox 919 562 1568 634">
     <span class='ocr_line' id='line_1_57' title="bbox 919 562 1568 634; baseline 0.022 -26"><span class='ocrx_word' id='word_1_398' title='bbox 919 562 1054 625; x_wconf 86' lang='lat' dir='ltr'>sumsitque</span> <span class='ocrx_word' id='word_1_399' title='bbox 1063 563 1166 612; x_wconf 81' lang='lat' dir='ltr'>ralirlam</span> <span class='ocrx_word' id='word_1_400' title='bbox 1177 564 1285 627; x_wconf 80' lang='lat' dir='ltr'><strong>hastam,</strong></span> <span class='ocrx_word' id='word_1_401' title='bbox 1296 569 1418 631; x_wconf 71' lang='lat' dir='ltr'>praefixam</span> <span class='ocrx_word' id='word_1_402' title='bbox 1427 576 1498 620; x_wconf 85' lang='lat' dir='ltr'>acuto</span> <span class='ocrx_word' id='word_1_403' title='bbox 1507 585 1568 634; x_wconf 71' lang='grc' dir='ltr'>πτας</span> 
     </span>
    </p>

    <p class='ocr_par' dir='ltr' id='par_1_27' title="bbox 919 649 1696 721">
     <span class='ocr_line' id='line_1_58' title="bbox 919 649 1696 721; baseline 0.022 -24"><span class='ocrx_word' id='word_1_404' title='bbox 919 649 985 698; x_wconf 88' lang='lat' dir='ltr'>stetit</span> <span class='ocrx_word' id='word_1_405' title='bbox 994 654 1074 701; x_wconf 89' lang='lat' dir='ltr'>autem</span> <span class='ocrx_word' id='word_1_406' title='bbox 1088 652 1374 719; x_wconf 65' lang='lat' dir='ltr'>superincumbens,</span> <span class='ocrx_word' id='word_1_407' title='bbox 1388 662 1413 707; x_wconf 91' lang='lat' dir='ltr'>et</span> <span class='ocrx_word' id='word_1_408' title='bbox 1422 659 1562 721; x_wconf 78' lang='lat' dir='ltr'>Euryclcanr</span> <span class='ocrx_word' id='word_1_409' title='bbox 1570 661 1696 713; x_wconf 85' lang='lat' dir='ltr'>allocutus·</span> 
     </span>
    </p>

    <p class='ocr_par' dir='ltr' id='par_1_28' title="bbox 919 735 1601 804">
     <span class='ocr_line' id='line_1_59' title="bbox 919 735 1601 804; baseline 0.022 -20"><span class='ocrx_word' id='word_1_410' title='bbox 919 740 956 785; x_wconf 87' lang='lat' dir='ltr'>est</span> <span class='ocrx_word' id='word_1_411' title='bbox 967 735 983 798; x_wconf 92' lang='lat'>:]</span> <span class='ocrx_word' id='word_1_412' title='bbox 1015 738 1102 787; x_wconf 82' lang='lat' dir='ltr'>Nutrix</span> <span class='ocrx_word' id='word_1_413' title='bbox 1111 739 1211 799; x_wconf 83' lang='lat' dir='ltr'>dilecto,</span> <span class='ocrx_word' id='word_1_414' title='bbox 1221 741 1340 804; x_wconf 80' lang='lat' dir='ltr'><strong>hospitem</strong></span> <span class='ocrx_word' id='word_1_415' title='bbox 1350 744 1486 796; x_wconf 89' lang='lat' dir='ltr'>honorastis</span> <span class='ocrx_word' id='word_1_416' title='bbox 1494 748 1520 796; x_wconf 92' lang='lat' dir='ltr'>in</span> <span class='ocrx_word' id='word_1_417' title='bbox 1529 747 1601 799; x_wconf 90' lang='lat' dir='ltr'>domo</span> 
     </span>
    </p>

    <p class='ocr_par' dir='ltr' id='par_1_29' title="bbox 919 825 1392 892">
     <span class='ocr_line' id='line_1_60' title="bbox 919 825 1392 892; baseline 0.017 -19"><span class='ocrx_word' id='word_1_418' title='bbox 919 825 981 874; x_wconf 85' lang='lat' dir='ltr'>lecto</span> <span class='ocrx_word' id='word_1_419' title='bbox 989 829 1013 874; x_wconf 88' lang='lat' dir='ltr'>et</span> <span class='ocrx_word' id='word_1_420' title='bbox 1022 826 1091 875; x_wconf 78' lang='lat' dir='ltr'>cibo?</span> <span class='ocrx_word' id='word_1_421' title='bbox 1100 841 1131 875; x_wconf 91' lang='lat' dir='ltr'>an</span> <span class='ocrx_word' id='word_1_422' title='bbox 1140 828 1176 877; x_wconf 87' lang='lat' dir='ltr'>sic</span> <span class='ocrx_word' id='word_1_423' title='bbox 1182 829 1245 890; x_wconf 85' lang='lat' dir='ltr'>jacet</span> <span class='ocrx_word' id='word_1_424' title='bbox 1253 832 1392 892; x_wconf 77' lang='lat' dir='ltr'>neglectus?</span> 
     </span>
    </p>

    <p class='ocr_par' dir='ltr' id='par_1_30' title="bbox 919 912 1451 979">
     <span class='ocr_line' id='line_1_61' title="bbox 919 912 1451 979; baseline 0.015 -17"><span class='ocrx_word' id='word_1_425' title='bbox 919 912 983 962; x_wconf 88' lang='lat' dir='ltr'>Talis</span> <span class='ocrx_word' id='word_1_426' title='bbox 991 913 1054 962; x_wconf 90' lang='lat' dir='ltr'>enim</span> <span class='ocrx_word' id='word_1_427' title='bbox 1064 915 1123 963; x_wconf 86' lang='lat' dir='ltr'>milri</span> <span class='ocrx_word' id='word_1_428' title='bbox 1132 921 1217 975; x_wconf 88' lang='lat' dir='ltr'>mater,</span> <span class='ocrx_word' id='word_1_429' title='bbox 1226 917 1331 979; x_wconf 78' lang='lat' dir='ltr'>pruriens</span> <span class='ocrx_word' id='word_1_430' title='bbox 1339 920 1394 969; x_wconf 85' lang='lat' dir='ltr'>licet</span> <span class='ocrx_word' id='word_1_431' title='bbox 1401 921 1433 970; x_wconf 90' lang='lat' dir='ltr'>sit</span> <span class='ocrx_word' id='word_1_432' title='bbox 1443 937 1451 970; x_wconf 77' lang='grc' dir='ltr'>ι</span> 
     </span>
    </p>

    <p class='ocr_par' dir='ltr' id='par_1_31' title="bbox 920 1000 1650 1074">
     <span class='ocr_line' id='line_1_62' title="bbox 920 1000 1650 1074; baseline 0.019 -26"><span class='ocrx_word' id='word_1_433' title='bbox 920 1000 1001 1051; x_wconf 88' lang='lat' dir='ltr'>insane</span> <span class='ocrx_word' id='word_1_434' title='bbox 1009 1001 1111 1051; x_wconf 86' lang='lat' dir='ltr'>alterum</span> <span class='ocrx_word' id='word_1_435' title='bbox 1119 1003 1219 1053; x_wconf 87' lang='lat' dir='ltr'>honorat</span> <span class='ocrx_word' id='word_1_436' title='bbox 1228 1004 1504 1069; x_wconf 79' lang='lat' dir='ltr'>articulatoloquentium</span> <span class='ocrx_word' id='word_1_437' title='bbox 1513 1009 1650 1074; x_wconf 85' lang='lat' dir='ltr'>hominnm,</span> 
     </span>
    </p>

    <p class='ocr_par' dir='ltr' id='par_1_32' title="bbox 919 1086 1672 1248">
     <span class='ocr_line' id='line_1_63' title="bbox 919 1086 1672 1151; baseline 0.016 -15"><span class='ocrx_word' id='word_1_438' title='bbox 919 1086 1073 1149; x_wconf 80' lang='lat' dir='ltr'>deteriorem,</span> <span class='ocrx_word' id='word_1_439' title='bbox 1082 1089 1183 1138; x_wconf 86' lang='lat' dir='ltr'>alterum</span> <span class='ocrx_word' id='word_1_440' title='bbox 1193 1104 1250 1140; x_wconf 80' lang='lat' dir='ltr'>vero</span> <span class='ocrx_word' id='word_1_441' title='bbox 1258 1092 1381 1143; x_wconf 80' lang='lat' dir='ltr'>irroborem</span> <span class='ocrx_word' id='word_1_442' title='bbox 1390 1093 1556 1146; x_wconf 87' lang='lat' dir='ltr'>inhonoratum</span> <span class='ocrx_word' id='word_1_443' title='bbox 1566 1097 1672 1151; x_wconf 81' lang='lat' dir='ltr'>dimittit.</span> 
     </span>
     <span class='ocr_line' id='line_1_64' title="bbox 950 1178 1615 1248; baseline 0.015 -22"><span class='ocrx_word' id='word_1_444' title='bbox 950 1178 1020 1226; x_wconf 88' lang='lat' dir='ltr'>Hunc</span> <span class='ocrx_word' id='word_1_445' title='bbox 1028 1182 1108 1228; x_wconf 88' lang='lat' dir='ltr'>autern</span> <span class='ocrx_word' id='word_1_446' title='bbox 1118 1191 1201 1227; x_wconf 88' lang='lat' dir='ltr'>rursus</span> <span class='ocrx_word' id='word_1_447' title='bbox 1210 1179 1358 1230; x_wconf 73' lang='lat' dir='ltr'>allocutaest</span> <span class='ocrx_word' id='word_1_448' title='bbox 1367 1181 1472 1243; x_wconf 85' lang='lat' dir='ltr'>prudens</span> <span class='ocrx_word' id='word_1_449' title='bbox 1480 1186 1598 1248; x_wconf 78' lang='lat' dir='ltr'>Euryclea</span> <span class='ocrx_word' id='word_1_450' title='bbox 1608 1202 1615 1236; x_wconf 76' lang='grc' dir='ltr'>ι</span> 
     </span>
    </p>

    <p class='ocr_par' dir='ltr' id='par_1_33' title="bbox 919 1263 1408 1325">
     <span class='ocr_line' id='line_1_65' title="bbox 919 1263 1408 1325; baseline 0.008 -13"><span class='ocrx_word' id='word_1_451' title='bbox 919 1263 1023 1313; x_wconf 84' lang='lat' dir='ltr'>ncillam</span> <span class='ocrx_word' id='word_1_452' title='bbox 1033 1278 1109 1325; x_wconf 88' lang='lat' dir='ltr'>nunc,</span> <span class='ocrx_word' id='word_1_453' title='bbox 1117 1265 1164 1325; x_wconf 89' lang='lat' dir='ltr'>tili,</span> <span class='ocrx_word' id='word_1_454' title='bbox 1174 1266 1292 1315; x_wconf 74' lang='lat' dir='ltr'>insontem</span> <span class='ocrx_word' id='word_1_455' title='bbox 1302 1281 1408 1318; x_wconf 82' lang='lat' dir='ltr'>accuses.</span> 
     </span>
    </p>

    <p class='ocr_par' dir='ltr' id='par_1_34' title="bbox 918 1352 1658 1426">
     <span class='ocr_line' id='line_1_66' title="bbox 918 1352 1658 1426; baseline 0.018 -26"><span class='ocrx_word' id='word_1_456' title='bbox 918 1352 1008 1400; x_wconf 82' lang='lat' dir='ltr'>vinum</span> <span class='ocrx_word' id='word_1_457' title='bbox 1017 1353 1082 1402; x_wconf 88' lang='lat' dir='ltr'>euim</span> <span class='ocrx_word' id='word_1_458' title='bbox 1090 1352 1187 1403; x_wconf 80' lang='lat' dir='ltr'>bibebat</span> <span class='ocrx_word' id='word_1_459' title='bbox 1197 1354 1243 1402; x_wconf 84' lang='lat' dir='ltr'>tlte</span> <span class='ocrx_word' id='word_1_460' title='bbox 1252 1355 1351 1416; x_wconf 85' lang='lat' dir='ltr'>sedens,</span> <span class='ocrx_word' id='word_1_461' title='bbox 1361 1357 1475 1418; x_wconf 86' lang='lat' dir='ltr'>quarndiu</span> <span class='ocrx_word' id='word_1_462' title='bbox 1485 1359 1580 1410; x_wconf 83' lang='lat' dir='ltr'>volebat</span> <span class='ocrx_word' id='word_1_463' title='bbox 1589 1362 1641 1426; x_wconf 85' lang='lat' dir='ltr'>ipse</span> <span class='ocrx_word' id='word_1_464' title='bbox 1652 1378 1658 1412; x_wconf 93' lang='lat'>:</span> 
     </span>
    </p>

    <p class='ocr_par' dir='ltr' id='par_1_35' title="bbox 919 1439 1697 1510">
     <span class='ocr_line' id='line_1_67' title="bbox 919 1439 1697 1510; baseline 0.018 -23"><span class='ocrx_word' id='word_1_465' title='bbox 919 1439 998 1489; x_wconf 91' lang='lat' dir='ltr'>cibum</span> <span class='ocrx_word' id='word_1_466' title='bbox 1003 1445 1083 1489; x_wconf 87' lang='lat' dir='ltr'>autom</span> <span class='ocrx_word' id='word_1_467' title='bbox 1088 1441 1342 1505; x_wconf 81' lang='lat' dir='ltr'>nonampliusrlisitse</span> <span class='ocrx_word' id='word_1_468' title='bbox 1347 1450 1465 1507; x_wconf 66' lang='lat' dir='ltr'>appetere</span> <span class='ocrx_word' id='word_1_469' title='bbox 1470 1446 1628 1510; x_wconf 78' lang='lat' dir='ltr'>interrogabat</span> <span class='ocrx_word' id='word_1_470' title='bbox 1633 1453 1697 1500; x_wconf 90' lang='lat' dir='ltr'>enim</span> 
     </span>
    </p>
   </div>
   <div class='ocr_carea' id='block_1_5' title="bbox 1639 456 1694 507">
    <p class='ocr_par' dir='ltr' id='par_1_36' title="bbox 1639 456 1694 507">
     <span class='ocr_line' id='line_1_68' title="bbox 1639 456 1694 507; baseline 0.036 -2"><span class='ocrx_word' id='word_1_471' title='bbox 1639 456 1694 507; x_wconf 67' lang='lat'>483</span> 
     </span>
    </p>
   </div>
   <div class='ocr_carea' id='block_1_6' title="bbox 904 1527 1695 5348">
    <p class='ocr_par' dir='ltr' id='par_1_37' title="bbox 904 1527 1695 5348">
     <span class='ocr_line' id='line_1_69' title="bbox 919 1527 1676 1600; baseline 0.012 -25"><span class='ocrx_word' id='word_1_472' title='bbox 919 1527 1018 1590; x_wconf 81' lang='lat' dir='ltr'>ipsum]</span> <span class='ocrx_word' id='word_1_473' title='bbox 1028 1527 1075 1578; x_wconf 88' lang='lat' dir='ltr'>Sed</span> <span class='ocrx_word' id='word_1_474' title='bbox 1084 1528 1179 1590; x_wconf 84' lang='lat' dir='ltr'>quondo</span> <span class='ocrx_word' id='word_1_475' title='bbox 1188 1529 1286 1579; x_wconf 89' lang='lat' dir='ltr'>demum</span> <span class='ocrx_word' id='word_1_476' title='bbox 1295 1531 1392 1580; x_wconf 88' lang='lat' dir='ltr'>cubitus</span> <span class='ocrx_word' id='word_1_477' title='bbox 1401 1536 1426 1581; x_wconf 90' lang='lat' dir='ltr'>et</span> <span class='ocrx_word' id='word_1_478' title='bbox 1434 1534 1511 1582; x_wconf 86' lang='lat' dir='ltr'>somni</span> <span class='ocrx_word' id='word_1_479' title='bbox 1522 1537 1676 1600; x_wconf 73' lang='lat' dir='ltr'>meminerat,</span> 
     </span>
     <span class='ocr_line' id='line_1_70' title="bbox 918 1613 1558 1678; baseline 0.014 -16"><span class='ocrx_word' id='word_1_480' title='bbox 918 1613 958 1662; x_wconf 93' lang='lat' dir='ltr'>illa</span> <span class='ocrx_word' id='word_1_481' title='bbox 967 1615 1064 1677; x_wconf 87' lang='lat' dir='ltr'>quidem</span> <span class='ocrx_word' id='word_1_482' title='bbox 1073 1616 1160 1665; x_wconf 86' lang='lat' dir='ltr'>cubilia</span> <span class='ocrx_word' id='word_1_483' title='bbox 1167 1617 1239 1678; x_wconf 86' lang='lat' dir='ltr'>jussit</span> <span class='ocrx_word' id='word_1_484' title='bbox 1248 1621 1272 1666; x_wconf 84' lang='lat' dir='ltr'>et</span> <span class='ocrx_word' id='word_1_485' title='bbox 1281 1617 1432 1670; x_wconf 80' lang='lat' dir='ltr'>substernere</span> <span class='ocrx_word' id='word_1_486' title='bbox 1442 1621 1539 1671; x_wconf 86' lang='lat' dir='ltr'>ancillas</span> <span class='ocrx_word' id='word_1_487' title='bbox 1551 1637 1558 1671; x_wconf 89' lang='lat'>:</span> 
     </span>
     <span class='ocr_line' id='line_1_71' title="bbox 918 1703 1581 1770; baseline 0.014 -19"><span class='ocrx_word' id='word_1_488' title='bbox 918 1706 943 1751; x_wconf 90' lang='lat' dir='ltr'>at</span> <span class='ocrx_word' id='word_1_489' title='bbox 952 1703 987 1763; x_wconf 90' lang='lat' dir='ltr'>is,</span> <span class='ocrx_word' id='word_1_490' title='bbox 997 1707 1110 1766; x_wconf 79' lang='lat' dir='ltr'>tanquam</span> <span class='ocrx_word' id='word_1_491' title='bbox 1120 1703 1207 1766; x_wconf 83' lang='lat' dir='ltr'>aliquis</span> <span class='ocrx_word' id='word_1_492' title='bbox 1216 1717 1366 1755; x_wconf 83' lang='lat' dir='ltr'>aerumnosus</span> <span class='ocrx_word' id='word_1_493' title='bbox 1376 1711 1400 1755; x_wconf 91' lang='lat' dir='ltr'>et</span> <span class='ocrx_word' id='word_1_494' title='bbox 1409 1707 1581 1770; x_wconf 80' lang='lat' dir='ltr'>infortunatus,</span> 
     </span>
     <span class='ocr_line' id='line_1_72' title="bbox 917 1791 1475 1855; baseline 0.011 -17"><span class='ocrx_word' id='word_1_495' title='bbox 917 1803 965 1839; x_wconf 91' lang='lat' dir='ltr'>non</span> <span class='ocrx_word' id='word_1_496' title='bbox 974 1791 1052 1839; x_wconf 78' lang='lat' dir='ltr'>soluit</span> <span class='ocrx_word' id='word_1_497' title='bbox 1060 1791 1085 1840; x_wconf 93' lang='lat' dir='ltr'>in</span> <span class='ocrx_word' id='word_1_498' title='bbox 1094 1791 1163 1840; x_wconf 86' lang='lat' dir='ltr'>lectis</span> <span class='ocrx_word' id='word_1_499' title='bbox 1171 1795 1196 1840; x_wconf 89' lang='lat' dir='ltr'>et</span> <span class='ocrx_word' id='word_1_500' title='bbox 1205 1791 1229 1840; x_wconf 94' lang='lat' dir='ltr'>in</span> <span class='ocrx_word' id='word_1_501' title='bbox 1239 1793 1349 1854; x_wconf 84' lang='lat' dir='ltr'>stragulis</span> <span class='ocrx_word' id='word_1_502' title='bbox 1359 1793 1475 1855; x_wconf 84' lang='lat' dir='ltr'>donrrire,</span> 
     </span>
     <span class='ocr_line' id='line_1_73' title="bbox 918 1875 1496 1942; baseline 0.007 -16"><span class='ocrx_word' id='word_1_503' title='bbox 918 1875 993 1926; x_wconf 89' lang='lat' dir='ltr'>sedin</span> <span class='ocrx_word' id='word_1_504' title='bbox 1003 1877 1076 1927; x_wconf 83' lang='lat' dir='ltr'>cruda</span> <span class='ocrx_word' id='word_1_505' title='bbox 1084 1878 1259 1942; x_wconf 80' lang='lat' dir='ltr'>bubulapctte,</span> <span class='ocrx_word' id='word_1_506' title='bbox 1270 1884 1295 1929; x_wconf 89' lang='lat' dir='ltr'>et</span> <span class='ocrx_word' id='word_1_507' title='bbox 1303 1880 1405 1942; x_wconf 81' lang='lat' dir='ltr'>pellibus</span> <span class='ocrx_word' id='word_1_508' title='bbox 1414 1882 1496 1931; x_wconf 87' lang='lat' dir='ltr'>ovium</span> 
     </span>
     <span class='ocr_line' id='line_1_74' title="bbox 916 1963 1562 2030; baseline 0.012 -17"><span class='ocrx_word' id='word_1_509' title='bbox 916 1963 1030 2014; x_wconf 83' lang='lat' dir='ltr'>dormirit</span> <span class='ocrx_word' id='word_1_510' title='bbox 1038 1966 1062 2014; x_wconf 90' lang='lat' dir='ltr'>in</span> <span class='ocrx_word' id='word_1_511' title='bbox 1071 1966 1205 2016; x_wconf 86' lang='lat' dir='ltr'>vestibulo:</span> <span class='ocrx_word' id='word_1_512' title='bbox 1216 1966 1300 2015; x_wconf 82' lang='lat' dir='ltr'>trenam</span> <span class='ocrx_word' id='word_1_513' title='bbox 1310 1968 1499 2030; x_wconf 74' lang='lat' dir='ltr'>reminiscimus</span> <span class='ocrx_word' id='word_1_514' title='bbox 1509 1984 1562 2021; x_wconf 91' lang='lat' dir='ltr'>nos.</span> 
     </span>
     <span class='ocr_line' id='line_1_75' title="bbox 947 2051 1694 2123; baseline 0.013 -21"><span class='ocrx_word' id='word_1_515' title='bbox 947 2051 1438 2117; x_wconf 80' lang='lat' dir='ltr'>Sicdixit:Telemachusreropcrrlomum</span> <span class='ocrx_word' id='word_1_516' title='bbox 1444 2060 1573 2109; x_wconf 69' lang='lat' dir='ltr'>narniens</span> <span class='ocrx_word' id='word_1_517' title='bbox 1578 2073 1694 2123; x_wconf 77' lang='lat' dir='ltr'>egressus</span> 
     </span>
     <span class='ocr_line' id='line_1_76' title="bbox 916 2140 1695 2212; baseline 0.013 -22"><span class='ocrx_word' id='word_1_518' title='bbox 916 2140 1065 2203; x_wconf 87' lang='lat' dir='ltr'>est,]hastam</span> <span class='ocrx_word' id='word_1_519' title='bbox 1071 2142 1170 2203; x_wconf 84' lang='lat' dir='ltr'>lralrens;</span> <span class='ocrx_word' id='word_1_520' title='bbox 1176 2156 1282 2192; x_wconf 83' lang='lat' dir='ltr'>unacum</span> <span class='ocrx_word' id='word_1_521' title='bbox 1287 2157 1358 2192; x_wconf 86' lang='lat' dir='ltr'>canes</span> <span class='ocrx_word' id='word_1_522' title='bbox 1362 2144 1465 2207; x_wconf 86' lang='lat' dir='ltr'>pedibus</span> <span class='ocrx_word' id='word_1_523' title='bbox 1470 2147 1695 2212; x_wconf 78' lang='lat' dir='ltr'>velocassequeban·</span> 
     </span>
     <span class='ocr_line' id='line_1_77' title="bbox 916 2227 1694 2291; baseline 0.015 -14"><span class='ocrx_word' id='word_1_524' title='bbox 916 2227 1245 2291; x_wconf 75' lang='lat' dir='ltr'>tur‚]1‘rofcctusostautem</span> <span class='ocrx_word' id='word_1_525' title='bbox 1259 2231 1322 2281; x_wconf 89' lang='lat' dir='ltr'>irein</span> <span class='ocrx_word' id='word_1_526' title='bbox 1332 2234 1469 2283; x_wconf 82' lang='lat' dir='ltr'>concionem</span> <span class='ocrx_word' id='word_1_527' title='bbox 1479 2234 1510 2284; x_wconf 77' lang='lat' dir='ltr'>acl</span> <span class='ocrx_word' id='word_1_528' title='bbox 1519 2235 1694 2289; x_wconf 84' lang='lat' dir='ltr'>benoocreatos</span> 
     </span>
     <span class='ocr_line' id='line_1_78' title="bbox 916 2316 1640 2388; baseline 0.012 -23"><span class='ocrx_word' id='word_1_529' title='bbox 916 2316 1039 2379; x_wconf 77' lang='lat' dir='ltr'>Achivos]</span> <span class='ocrx_word' id='word_1_530' title='bbox 1049 2322 1080 2367; x_wconf 81' lang='lat' dir='ltr'>At</span> <span class='ocrx_word' id='word_1_531' title='bbox 1088 2317 1186 2367; x_wconf 82' lang='lat' dir='ltr'>aneillns</span> <span class='ocrx_word' id='word_1_532' title='bbox 1196 2319 1251 2367; x_wconf 87' lang='lat' dir='ltr'>inde</span> <span class='ocrx_word' id='word_1_533' title='bbox 1261 2318 1400 2370; x_wconf 84' lang='lat' dir='ltr'>hortabatur</span> <span class='ocrx_word' id='word_1_534' title='bbox 1409 2320 1489 2371; x_wconf 78' lang='lat' dir='ltr'>(lirina</span> <span class='ocrx_word' id='word_1_535' title='bbox 1498 2323 1640 2388; x_wconf 86' lang='lat' dir='ltr'>mulierum,</span> 
     </span>
     <span class='ocr_line' id='line_1_79' title="bbox 914 2405 1343 2474; baseline 0.002 -20"><span class='ocrx_word' id='word_1_536' title='bbox 914 2405 1042 2466; x_wconf 78' lang='lat' dir='ltr'>Euryclea,</span> <span class='ocrx_word' id='word_1_537' title='bbox 1053 2405 1113 2468; x_wconf 86' lang='lat' dir='ltr'>Opis</span> <span class='ocrx_word' id='word_1_538' title='bbox 1122 2405 1170 2454; x_wconf 85' lang='lat' dir='ltr'>tilia</span> <span class='ocrx_word' id='word_1_539' title='bbox 1180 2406 1326 2474; x_wconf 77' lang='lat' dir='ltr'>Pisenorirloe</span> <span class='ocrx_word' id='word_1_540' title='bbox 1337 2422 1343 2455; x_wconf 92' lang='lat'>:</span> 
     </span>
     <span class='ocr_line' id='line_1_80' title="bbox 944 2492 1560 2560; baseline 0.013 -20"><span class='ocrx_word' id='word_1_541' title='bbox 944 2492 1026 2554; x_wconf 79' lang='lat' dir='ltr'>Agite,</span> <span class='ocrx_word' id='word_1_542' title='bbox 1036 2492 1089 2542; x_wconf 72' lang='lat' dir='ltr'>aliae</span> <span class='ocrx_word' id='word_1_543' title='bbox 1098 2492 1196 2556; x_wconf 89' lang='lat' dir='ltr'>quidem</span> <span class='ocrx_word' id='word_1_544' title='bbox 1205 2492 1304 2543; x_wconf 90' lang='lat' dir='ltr'>domum</span> <span class='ocrx_word' id='word_1_545' title='bbox 1313 2496 1400 2545; x_wconf 77' lang='lat' dir='ltr'>vertite</span> <span class='ocrx_word' id='word_1_546' title='bbox 1410 2496 1560 2560; x_wconf 82' lang='lat' dir='ltr'>festinantes,</span> 
     </span>
     <span class='ocr_line' id='line_1_81' title="bbox 913 2580 1531 2646; baseline 0.008 -17"><span class='ocrx_word' id='word_1_547' title='bbox 913 2581 1091 2643; x_wconf 80' lang='lat' dir='ltr'>aspergiteque;</span> <span class='ocrx_word' id='word_1_548' title='bbox 1102 2586 1126 2629; x_wconf 93' lang='lat' dir='ltr'>ct</span> <span class='ocrx_word' id='word_1_549' title='bbox 1137 2582 1161 2629; x_wconf 88' lang='lat' dir='ltr'>in</span> <span class='ocrx_word' id='word_1_550' title='bbox 1170 2580 1284 2630; x_wconf 83' lang='lat' dir='ltr'>sedilibus</span> <span class='ocrx_word' id='word_1_551' title='bbox 1294 2582 1429 2632; x_wconf 78' lang='lat' dir='ltr'>fabrefactis</span> <span class='ocrx_word' id='word_1_552' title='bbox 1437 2588 1531 2646; x_wconf 81' lang='lat' dir='ltr'>tapetas</span> 
     </span>
     <span class='ocr_line' id='line_1_82' title="bbox 913 2667 1508 2732; baseline 0.01 -16"><span class='ocrx_word' id='word_1_553' title='bbox 913 2667 1001 2730; x_wconf 83' lang='lat' dir='ltr'>injicite</span> <span class='ocrx_word' id='word_1_554' title='bbox 1010 2682 1142 2731; x_wconf 82' lang='lat' dir='ltr'>purpureos</span> <span class='ocrx_word' id='word_1_555' title='bbox 1153 2683 1159 2716; x_wconf 75' lang='grc' dir='ltr'>ε</span> <span class='ocrx_word' id='word_1_556' title='bbox 1170 2669 1223 2718; x_wconf 81' lang='lat' dir='ltr'>alim</span> <span class='ocrx_word' id='word_1_557' title='bbox 1234 2683 1290 2718; x_wconf 80' lang='lat' dir='ltr'>sero</span> <span class='ocrx_word' id='word_1_558' title='bbox 1299 2671 1404 2732; x_wconf 80' lang='lat' dir='ltr'>spongiis</span> <span class='ocrx_word' id='word_1_559' title='bbox 1413 2685 1508 2722; x_wconf 80' lang='lat' dir='ltr'>mensas</span> 
     </span>
     <span class='ocr_line' id='line_1_83' title="bbox 912 2755 1458 2819; baseline 0.007 -15"><span class='ocrx_word' id='word_1_560' title='bbox 912 2769 995 2805; x_wconf 89' lang='lat' dir='ltr'>omnes</span> <span class='ocrx_word' id='word_1_561' title='bbox 1004 2755 1145 2818; x_wconf 81' lang='lat' dir='ltr'>abstergite,</span> <span class='ocrx_word' id='word_1_562' title='bbox 1154 2761 1253 2819; x_wconf 79' lang='lat' dir='ltr'>purgate</span> <span class='ocrx_word' id='word_1_563' title='bbox 1263 2763 1344 2806; x_wconf 89' lang='lat' dir='ltr'>autem</span> <span class='ocrx_word' id='word_1_564' title='bbox 1353 2763 1458 2808; x_wconf 82' lang='lat' dir='ltr'>crateras</span> 
     </span>
     <span class='ocr_line' id='line_1_84' title="bbox 913 2843 1644 2912; baseline 0.004 -17"><span class='ocrx_word' id='word_1_565' title='bbox 913 2849 937 2895; x_wconf 89' lang='lat' dir='ltr'>et</span> <span class='ocrx_word' id='word_1_566' title='bbox 946 2845 1031 2908; x_wconf 87' lang='lat' dir='ltr'>poorrla</span> <span class='ocrx_word' id='word_1_567' title='bbox 1040 2843 1143 2909; x_wconf 88' lang='lat' dir='ltr'>duplicia</span> <span class='ocrx_word' id='word_1_568' title='bbox 1152 2844 1279 2894; x_wconf 85' lang='lat' dir='ltr'>fabrefacta</span> <span class='ocrx_word' id='word_1_569' title='bbox 1290 2860 1296 2892; x_wconf 87' lang='lat'>:</span> <span class='ocrx_word' id='word_1_570' title='bbox 1307 2845 1361 2894; x_wconf 80' lang='lat' dir='ltr'>aliae</span> <span class='ocrx_word' id='word_1_571' title='bbox 1371 2857 1428 2896; x_wconf 85' lang='lat' dir='ltr'>vero</span> <span class='ocrx_word' id='word_1_572' title='bbox 1437 2847 1548 2909; x_wconf 69' lang='lat' dir='ltr'>petiturae</span> <span class='ocrx_word' id='word_1_573' title='bbox 1557 2862 1644 2912; x_wconf 85' lang='lat' dir='ltr'>aquam</span> 
     </span>
     <span class='ocr_line' id='line_1_85' title="bbox 911 2932 1389 2993; baseline 0.002 -12"><span class='ocrx_word' id='word_1_574' title='bbox 911 2933 944 2982; x_wconf 86' lang='lat' dir='ltr'>ite</span> <span class='ocrx_word' id='word_1_575' title='bbox 954 2932 1096 2993; x_wconf 76' lang='lat' dir='ltr'>acl-fontem,</span> <span class='ocrx_word' id='word_1_576' title='bbox 1107 2937 1131 2981; x_wconf 92' lang='lat' dir='ltr'>et</span> <span class='ocrx_word' id='word_1_577' title='bbox 1140 2932 1222 2982; x_wconf 88' lang='lat' dir='ltr'>afferte</span> <span class='ocrx_word' id='word_1_578' title='bbox 1231 2933 1279 2982; x_wconf 88' lang='lat' dir='ltr'>cito</span> <span class='ocrx_word' id='word_1_579' title='bbox 1287 2938 1372 2982; x_wconf 86' lang='lat' dir='ltr'>euntes</span> <span class='ocrx_word' id='word_1_580' title='bbox 1383 2947 1389 2982; x_wconf 92' lang='lat'>:</span> 
     </span>
     <span class='ocr_line' id='line_1_86' title="bbox 912 3020 1386 3083; baseline -0.002 -13"><span class='ocrx_word' id='word_1_581' title='bbox 912 3035 959 3070; x_wconf 92' lang='lat' dir='ltr'>non</span> <span class='ocrx_word' id='word_1_582' title='bbox 968 3021 1031 3070; x_wconf 89' lang='lat' dir='ltr'>enlm</span> <span class='ocrx_word' id='word_1_583' title='bbox 1040 3020 1082 3070; x_wconf 88' lang='lat' dir='ltr'>diu</span> <span class='ocrx_word' id='word_1_584' title='bbox 1092 3021 1156 3083; x_wconf 85' lang='lat' dir='ltr'>proci</span> <span class='ocrx_word' id='word_1_585' title='bbox 1166 3020 1267 3069; x_wconf 77' lang='lat' dir='ltr'>alierunt</span> <span class='ocrx_word' id='word_1_586' title='bbox 1276 3020 1386 3081; x_wconf 80' lang='lat' dir='ltr'>a·rlomo;</span> 
     </span>
     <span class='ocr_line' id='line_1_87' title="bbox 911 3107 1688 3172; baseline 0.005 -13"><span class='ocrx_word' id='word_1_587' title='bbox 911 3109 953 3159; x_wconf 88' lang='lat' dir='ltr'>sed</span> <span class='ocrx_word' id='word_1_588' title='bbox 963 3107 1107 3158; x_wconf 87' lang='lat' dir='ltr'>valdemane</span> <span class='ocrx_word' id='word_1_589' title='bbox 1114 3109 1222 3169; x_wconf 85' lang='lat' dir='ltr'>venient;</span> <span class='ocrx_word' id='word_1_590' title='bbox 1232 3109 1372 3172; x_wconf 80' lang='lat' dir='ltr'>quoniamst</span> <span class='ocrx_word' id='word_1_591' title='bbox 1379 3109 1534 3160; x_wconf 87' lang='lat' dir='ltr'>omnibusest</span> <span class='ocrx_word' id='word_1_592' title='bbox 1543 3110 1688 3163; x_wconf 78' lang='lat' dir='ltr'>festus-dies.</span> 
     </span>
     <span class='ocr_line' id='line_1_88' title="bbox 942 3196 1688 3262; baseline 0.007 -16"><span class='ocrx_word' id='word_1_593' title='bbox 942 3196 1541 3260; x_wconf 72' lang='lat' dir='ltr'>sicdixitzillreautemeiperquamauscultaruntet</span> <span class='ocrx_word' id='word_1_594' title='bbox 1548 3205 1688 3262; x_wconf 82' lang='lat' dir='ltr'>pomerrmt.</span> 
     </span>
     <span class='ocr_line' id='line_1_89' title="bbox 910 3283 1519 3349; baseline 0.007 -18"><span class='ocrx_word' id='word_1_595' title='bbox 910 3283 998 3346; x_wconf 75' lang='lat' dir='ltr'>Viginti</span> <span class='ocrx_word' id='word_1_596' title='bbox 1008 3284 1106 3349; x_wconf 88' lang='lat' dir='ltr'>quidem</span> <span class='ocrx_word' id='word_1_597' title='bbox 1115 3285 1210 3334; x_wconf 87' lang='lat' dir='ltr'>iverunt</span> <span class='ocrx_word' id='word_1_598' title='bbox 1219 3283 1348 3334; x_wconf 90' lang='lat' dir='ltr'>ad·fontem</span> <span class='ocrx_word' id='word_1_599' title='bbox 1357 3285 1519 3349; x_wconf 74' lang='lat' dir='ltr'>nigrioaquis3</span> 
     </span>
     <span class='ocr_line' id='line_1_90' title="bbox 910 3371 1458 3434; baseline 0.002 -13"><span class='ocrx_word' id='word_1_600' title='bbox 910 3372 963 3421; x_wconf 74' lang='lat' dir='ltr'>aliar</span> <span class='ocrx_word' id='word_1_601' title='bbox 972 3385 1029 3421; x_wconf 83' lang='lat' dir='ltr'>vero</span> <span class='ocrx_word' id='word_1_602' title='bbox 1038 3372 1086 3421; x_wconf 90' lang='lat' dir='ltr'>illic</span> <span class='ocrx_word' id='word_1_603' title='bbox 1095 3372 1120 3420; x_wconf 90' lang='lat' dir='ltr'>in</span> <span class='ocrx_word' id='word_1_604' title='bbox 1129 3371 1223 3421; x_wconf 72' lang='lat' dir='ltr'>aedibus</span> <span class='ocrx_word' id='word_1_605' title='bbox 1232 3373 1291 3422; x_wconf 89' lang='lat' dir='ltr'>scite</span> <span class='ocrx_word' id='word_1_606' title='bbox 1300 3372 1458 3434; x_wconf 87' lang='lat' dir='ltr'>operabantur</span> 
     </span>
     <span class='ocr_line' id='line_1_91' title="bbox 942 3460 1688 3525; baseline 0.007 -15"><span class='ocrx_word' id='word_1_607' title='bbox 942 3460 1197 3523; x_wconf 67' lang='lat' dir='ltr'>lumensi-suntantem</span> <span class='ocrx_word' id='word_1_608' title='bbox 1207 3460 1288 3509; x_wconf 87' lang='lat' dir='ltr'>famuli</span> <span class='ocrx_word' id='word_1_609' title='bbox 1296 3460 1441 3510; x_wconf 80' lang='lat' dir='ltr'>Achivorum</span> <span class='ocrx_word' id='word_1_610' title='bbox 1451 3461 1490 3510; x_wconf 89' lang='lat' dir='ltr'>:bi</span> <span class='ocrx_word' id='word_1_611' title='bbox 1497 3462 1594 3525; x_wconf 74' lang='grc' dir='ltr'>ηυὶθειιι</span> <span class='ocrx_word' id='word_1_612' title='bbox 1603 3464 1688 3516; x_wconf 88' lang='lat' dir='ltr'>‹leinde</span> 
     </span>
     <span class='ocr_line' id='line_1_92' title="bbox 910 3547 1459 3610; baseline -0.004 -11"><span class='ocrx_word' id='word_1_613' title='bbox 910 3548 970 3599; x_wconf 85' lang='lat' dir='ltr'>bene</span> <span class='ocrx_word' id='word_1_614' title='bbox 979 3552 1004 3597; x_wconf 94' lang='lat' dir='ltr'>ct</span> <span class='ocrx_word' id='word_1_615' title='bbox 1013 3548 1072 3598; x_wconf 89' lang='lat' dir='ltr'>scito</span> <span class='ocrx_word' id='word_1_616' title='bbox 1081 3547 1202 3598; x_wconf 78' lang='lat' dir='ltr'>findebant</span> <span class='ocrx_word' id='word_1_617' title='bbox 1209 3547 1285 3610; x_wconf 80' lang='lat' dir='ltr'>ligna;</span> <span class='ocrx_word' id='word_1_618' title='bbox 1295 3547 1338 3597; x_wconf 76' lang='lat' dir='ltr'>secl</span> <span class='ocrx_word' id='word_1_619' title='bbox 1347 3547 1459 3598; x_wconf 88' lang='lat' dir='ltr'>mulieres</span> 
     </span>
     <span class='ocr_line' id='line_1_93' title="bbox 911 3635 1604 3700; baseline 0.009 -17"><span class='ocrx_word' id='word_1_620' title='bbox 911 3641 1026 3685; x_wconf 81' lang='lat' dir='ltr'>uenerunt</span> <span class='ocrx_word' id='word_1_621' title='bbox 1035 3650 1050 3684; x_wconf 91' lang='lat' dir='ltr'>a</span> <span class='ocrx_word' id='word_1_622' title='bbox 1059 3635 1136 3698; x_wconf 89' lang='lat' dir='ltr'>fonte;</span> <span class='ocrx_word' id='word_1_623' title='bbox 1146 3637 1240 3700; x_wconf 82' lang='lat' dir='ltr'>illisque</span> <span class='ocrx_word' id='word_1_624' title='bbox 1250 3639 1387 3700; x_wconf 78' lang='lat' dir='ltr'>supervenit</span> <span class='ocrx_word' id='word_1_625' title='bbox 1397 3637 1524 3698; x_wconf 88' lang='lat' dir='ltr'>subulcus,</span> <span class='ocrx_word' id='word_1_626' title='bbox 1587 3661 1604 3691; x_wconf 68' lang='grc' dir='ltr'>,ν</span> 
     </span>
     <span class='ocr_line' id='line_1_94' title="bbox 910 3723 1586 3788; baseline 0.003 -15"><span class='ocrx_word' id='word_1_627' title='bbox 910 3729 958 3774; x_wconf 89' lang='lat' dir='ltr'>tres</span> <span class='ocrx_word' id='word_1_628' title='bbox 967 3737 1052 3787; x_wconf 71' lang='lat' dir='ltr'>[orcos</span> <span class='ocrx_word' id='word_1_629' title='bbox 1061 3723 1196 3785; x_wconf 86' lang='lat' dir='ltr'>deducens,</span> <span class='ocrx_word' id='word_1_630' title='bbox 1206 3725 1247 3788; x_wconf 83' lang='lat' dir='ltr'>qui</span> <span class='ocrx_word' id='word_1_631' title='bbox 1257 3730 1325 3773; x_wconf 87' lang='lat' dir='ltr'>erant</span> <span class='ocrx_word' id='word_1_632' title='bbox 1333 3725 1394 3775; x_wconf 90' lang='lat' dir='ltr'>inter</span> <span class='ocrx_word' id='word_1_633' title='bbox 1402 3738 1485 3773; x_wconf 86' lang='lat' dir='ltr'>onmes</span> <span class='ocrx_word' id='word_1_634' title='bbox 1494 3725 1586 3788; x_wconf 83' lang='lat' dir='ltr'>optimi.</span> 
     </span>
     <span class='ocr_line' id='line_1_95' title="bbox 910 3811 1473 3874; baseline -0.005 -12"><span class='ocrx_word' id='word_1_635' title='bbox 910 3817 941 3862; x_wconf 83' lang='lat' dir='ltr'>Et</span> <span class='ocrx_word' id='word_1_636' title='bbox 950 3812 994 3860; x_wconf 91' lang='lat' dir='ltr'>bos</span> <span class='ocrx_word' id='word_1_637' title='bbox 1004 3811 1101 3874; x_wconf 88' lang='lat' dir='ltr'>quidem</span> <span class='ocrx_word' id='word_1_638' title='bbox 1111 3812 1168 3861; x_wconf 84' lang='lat' dir='ltr'>sivit</span> <span class='ocrx_word' id='word_1_639' title='bbox 1175 3826 1218 3874; x_wconf 86' lang='lat' dir='ltr'>per</span> <span class='ocrx_word' id='word_1_640' title='bbox 1227 3816 1294 3874; x_wconf 82' lang='lat' dir='ltr'>septa</span> <span class='ocrx_word' id='word_1_641' title='bbox 1303 3811 1384 3873; x_wconf 87' lang='lat' dir='ltr'>pulcra</span> <span class='ocrx_word' id='word_1_642' title='bbox 1393 3812 1473 3873; x_wconf 86' lang='lat' dir='ltr'>pasci,</span> 
     </span>
     <span class='ocr_line' id='line_1_96' title="bbox 910 3899 1586 3962; baseline 0.001 -15"><span class='ocrx_word' id='word_1_643' title='bbox 910 3900 961 3962; x_wconf 86' lang='lat' dir='ltr'>ipse</span> <span class='ocrx_word' id='word_1_644' title='bbox 971 3913 1027 3948; x_wconf 86' lang='lat' dir='ltr'>roro</span> <span class='ocrx_word' id='word_1_645' title='bbox 1034 3899 1083 3961; x_wconf 80' lang='lat' dir='ltr'>jam</span> <span class='ocrx_word' id='word_1_646' title='bbox 1091 3899 1201 3959; x_wconf 78' lang='lat' dir='ltr'>Ulyssem</span> <span class='ocrx_word' id='word_1_647' title='bbox 1210 3899 1374 3947; x_wconf 72' lang='lat' dir='ltr'>allocutusest</span> <span class='ocrx_word' id='word_1_648' title='bbox 1383 3899 1477 3948; x_wconf 86' lang='lat' dir='ltr'>blandis</span> <span class='ocrx_word' id='word_1_649' title='bbox 1487 3900 1586 3950; x_wconf 82' lang='lat' dir='ltr'>verbis:</span> 
     </span>
     <span class='ocr_line' id='line_1_97' title="bbox 940 3985 1493 4050; baseline -0.002 -12"><span class='ocrx_word' id='word_1_650' title='bbox 940 3989 1045 4050; x_wconf 77' lang='lat' dir='ltr'>Hospes,</span> <span class='ocrx_word' id='word_1_651' title='bbox 1052 3986 1132 4047; x_wconf 89' lang='lat' dir='ltr'>jamne</span> <span class='ocrx_word' id='word_1_652' title='bbox 1142 3990 1165 4034; x_wconf 92' lang='lat' dir='ltr'>te</span> <span class='ocrx_word' id='word_1_653' title='bbox 1174 3985 1250 4048; x_wconf 79' lang='lat' dir='ltr'>magis</span> <span class='ocrx_word' id='word_1_654' title='bbox 1259 3986 1342 4036; x_wconf 73' lang='lat' dir='ltr'>Achivi</span> <span class='ocrx_word' id='word_1_655' title='bbox 1352 3987 1493 4050; x_wconf 85' lang='lat' dir='ltr'>respiciunt,</span> 
     </span>
     <span class='ocr_line' id='line_1_98' title="bbox 909 4071 1640 4137; baseline 0.001 -14"><span class='ocrx_word' id='word_1_656' title='bbox 909 4087 940 4123; x_wconf 89' lang='lat' dir='ltr'>an</span> <span class='ocrx_word' id='word_1_657' title='bbox 949 4078 973 4123; x_wconf 86' lang='lat' dir='ltr'>te</span> <span class='ocrx_word' id='word_1_658' title='bbox 981 4071 1223 4135; x_wconf 81' lang='lat' dir='ltr'>ignominia-afficiunt</span> <span class='ocrx_word' id='word_1_659' title='bbox 1232 4072 1368 4134; x_wconf 69' lang='lat' dir='ltr'>inertibus,</span> <span class='ocrx_word' id='word_1_660' title='bbox 1379 4074 1441 4123; x_wconf 87' lang='lat' dir='ltr'>sicut</span> <span class='ocrx_word' id='word_1_661' title='bbox 1449 4079 1519 4123; x_wconf 87' lang='lat' dir='ltr'>antea</span> <span class='ocrx_word' id='word_1_662' title='bbox 1527 4074 1640 4137; x_wconf 81' lang='lat' dir='ltr'>quidem?</span> 
     </span>
     <span class='ocr_line' id='line_1_99' title="bbox 940 4160 1685 4225; baseline 0.001 -13"><span class='ocrx_word' id='word_1_663' title='bbox 940 4164 1009 4212; x_wconf 88' lang='lat' dir='ltr'>llunc</span> <span class='ocrx_word' id='word_1_664' title='bbox 1016 4166 1097 4210; x_wconf 92' lang='lat' dir='ltr'>autem</span> <span class='ocrx_word' id='word_1_665' title='bbox 1104 4160 1251 4223; x_wconf 81' lang='lat' dir='ltr'>respondens</span> <span class='ocrx_word' id='word_1_666' title='bbox 1258 4160 1562 4224; x_wconf 83' lang='lat' dir='ltr'>allocutusestingeniosus</span> <span class='ocrx_word' id='word_1_667' title='bbox 1571 4162 1685 4225; x_wconf 78' lang='lat' dir='ltr'>Ulysses:</span> 
     </span>
     <span class='ocr_line' id='line_1_100' title="bbox 910 4249 1678 4313; baseline 0 -11"><span class='ocrx_word' id='word_1_668' title='bbox 910 4252 1000 4302; x_wconf 82' lang='lat' dir='ltr'>utinam</span> <span class='ocrx_word' id='word_1_669' title='bbox 1009 4251 1071 4301; x_wconf 88' lang='lat' dir='ltr'>enim</span> <span class='ocrx_word' id='word_1_670' title='bbox 1077 4250 1142 4313; x_wconf 73' lang='lat' dir='ltr'>iam,</span> <span class='ocrx_word' id='word_1_671' title='bbox 1152 4255 1263 4312; x_wconf 66' lang='lat' dir='ltr'>Eumene,</span> <span class='ocrx_word' id='word_1_672' title='bbox 1274 4249 1307 4299; x_wconf 86' lang='lat' dir='ltr'>dii</span> <span class='ocrx_word' id='word_1_673' title='bbox 1317 4251 1488 4301; x_wconf 84' lang='lat' dir='ltr'>ulciscerentur</span> <span class='ocrx_word' id='word_1_674' title='bbox 1496 4253 1678 4313; x_wconf 87' lang='lat' dir='ltr'>contumeliam,</span> 
     </span>
     <span class='ocr_line' id='line_1_101' title="bbox 908 4338 1433 4403; baseline -0.004 -14"><span class='ocrx_word' id='word_1_675' title='bbox 908 4354 957 4403; x_wconf 77' lang='lat' dir='ltr'>qua</span> <span class='ocrx_word' id='word_1_676' title='bbox 965 4340 1004 4389; x_wconf 89' lang='lat' dir='ltr'>isti</span> <span class='ocrx_word' id='word_1_677' title='bbox 1013 4340 1154 4389; x_wconf 80' lang='lat' dir='ltr'>insultantes</span> <span class='ocrx_word' id='word_1_678' title='bbox 1163 4338 1258 4400; x_wconf 77' lang='lat' dir='ltr'>indIgna</span> <span class='ocrx_word' id='word_1_679' title='bbox 1267 4338 1433 4388; x_wconf 86' lang='lat' dir='ltr'>machinantur</span> 
     </span>
     <span class='ocr_line' id='line_1_102' title="bbox 908 4425 1631 4491; baseline 0 -14"><span class='ocrx_word' id='word_1_680' title='bbox 908 4429 979 4478; x_wconf 88' lang='lat' dir='ltr'>domo</span> <span class='ocrx_word' id='word_1_681' title='bbox 988 4428 1013 4477; x_wconf 92' lang='lat' dir='ltr'>in</span> <span class='ocrx_word' id='word_1_682' title='bbox 1022 4428 1111 4488; x_wconf 76' lang='grc' dir='ltr'>εθειιο,</span> <span class='ocrx_word' id='word_1_683' title='bbox 1120 4440 1164 4478; x_wconf 82' lang='lat' dir='ltr'>neo</span> <span class='ocrx_word' id='word_1_684' title='bbox 1172 4425 1271 4489; x_wconf 84' lang='lat' dir='ltr'>pudoris</span> <span class='ocrx_word' id='word_1_685' title='bbox 1280 4427 1412 4489; x_wconf 84' lang='lat' dir='ltr'>portionem</span> <span class='ocrx_word' id='word_1_686' title='bbox 1422 4439 1526 4491; x_wconf 74' lang='grc' dir='ltr'>αρκανι</span> <span class='ocrx_word' id='word_1_687' title='bbox 1534 4426 1631 4478; x_wconf 87' lang='lat' dir='ltr'>habent.</span> 
     </span>
     <span class='ocr_line' id='line_1_103' title="bbox 939 4514 1463 4579; baseline -0.006 -13"><span class='ocrx_word' id='word_1_688' title='bbox 939 4517 977 4566; x_wconf 87' lang='lat' dir='ltr'>Sic</span> <span class='ocrx_word' id='word_1_689' title='bbox 986 4516 1010 4565; x_wconf 89' lang='lat' dir='ltr'>hi</span> <span class='ocrx_word' id='word_1_690' title='bbox 1020 4514 1117 4579; x_wconf 87' lang='lat' dir='ltr'>quidem</span> <span class='ocrx_word' id='word_1_691' title='bbox 1124 4514 1181 4564; x_wconf 90' lang='lat' dir='ltr'>talia</span> <span class='ocrx_word' id='word_1_692' title='bbox 1190 4515 1252 4564; x_wconf 85' lang='lat' dir='ltr'>inter</span> <span class='ocrx_word' id='word_1_693' title='bbox 1261 4528 1288 4564; x_wconf 88' lang='lat' dir='ltr'>se</span> <span class='ocrx_word' id='word_1_694' title='bbox 1296 4515 1463 4577; x_wconf 81' lang='lat' dir='ltr'>loquebantur.</span> 
     </span>
     <span class='ocr_line' id='line_1_104' title="bbox 907 4602 1621 4668; baseline -0.004 -12"><span class='ocrx_word' id='word_1_695' title='bbox 907 4609 983 4668; x_wconf 88' lang='lat' dir='ltr'>Prope</span> <span class='ocrx_word' id='word_1_696' title='bbox 991 4608 1071 4653; x_wconf 84' lang='lat' dir='ltr'>autem</span> <span class='ocrx_word' id='word_1_697' title='bbox 1079 4602 1144 4666; x_wconf 88' lang='lat' dir='ltr'>ipsos</span> <span class='ocrx_word' id='word_1_698' title='bbox 1153 4603 1220 4653; x_wconf 85' lang='lat' dir='ltr'>venit</span> <span class='ocrx_word' id='word_1_699' title='bbox 1228 4603 1384 4664; x_wconf 86' lang='lat' dir='ltr'>Melanthius,</span> <span class='ocrx_word' id='word_1_700' title='bbox 1393 4607 1475 4652; x_wconf 92' lang='lat' dir='ltr'>custos</span> <span class='ocrx_word' id='word_1_701' title='bbox 1483 4615 1621 4666; x_wconf 77' lang='lat' dir='ltr'>capraram,</span> 
     </span>
     <span class='ocr_line' id='line_1_105' title="bbox 907 4690 1575 4756; baseline -0.001 -15"><span class='ocrx_word' id='word_1_702' title='bbox 907 4704 990 4756; x_wconf 84' lang='lat' dir='ltr'>capras</span> <span class='ocrx_word' id='word_1_703' title='bbox 999 4704 1084 4752; x_wconf 58' lang='lat' dir='ltr'>agenn</span> <span class='ocrx_word' id='word_1_704' title='bbox 1093 4704 1148 4754; x_wconf 73' lang='grc' dir='ltr'>σου</span> <span class='ocrx_word' id='word_1_705' title='bbox 1157 4690 1313 4741; x_wconf 80' lang='lat' dir='ltr'>inter-omnes</span> <span class='ocrx_word' id='word_1_706' title='bbox 1323 4690 1470 4740; x_wconf 80' lang='lat' dir='ltr'>excellebant</span> <span class='ocrx_word' id='word_1_707' title='bbox 1479 4703 1575 4753; x_wconf 77' lang='lat' dir='ltr'>greges,</span> 
     </span>
     <span class='ocr_line' id='line_1_106' title="bbox 907 4777 1612 4842; baseline -0.001 -11"><span class='ocrx_word' id='word_1_708' title='bbox 907 4794 999 4831; x_wconf 76' lang='lat' dir='ltr'>cunam</span> <span class='ocrx_word' id='word_1_709' title='bbox 1008 4779 1101 4842; x_wconf 83' lang='lat' dir='ltr'>procis;</span> <span class='ocrx_word' id='word_1_710' title='bbox 1111 4778 1159 4828; x_wconf 89' lang='lat' dir='ltr'>duo</span> <span class='ocrx_word' id='word_1_711' title='bbox 1168 4783 1248 4829; x_wconf 88' lang='lat' dir='ltr'>autem</span> <span class='ocrx_word' id='word_1_712' title='bbox 1257 4791 1305 4827; x_wconf 90' lang='lat' dir='ltr'>una</span> <span class='ocrx_word' id='word_1_713' title='bbox 1314 4777 1488 4827; x_wconf 80' lang='lat' dir='ltr'>comitabantur</span> <span class='ocrx_word' id='word_1_714' title='bbox 1496 4783 1612 4842; x_wconf 67' lang='lat' dir='ltr'>putores.</span> 
     </span>
     <span class='ocr_line' id='line_1_107' title="bbox 906 4865 1477 4930; baseline -0.007 -12"><span class='ocrx_word' id='word_1_715' title='bbox 906 4871 938 4918; x_wconf 81' lang='lat' dir='ltr'>Et</span> <span class='ocrx_word' id='word_1_716' title='bbox 946 4867 990 4916; x_wconf 80' lang='lat' dir='ltr'>lias</span> <span class='ocrx_word' id='word_1_717' title='bbox 998 4866 1096 4930; x_wconf 85' lang='lat' dir='ltr'>quidem</span> <span class='ocrx_word' id='word_1_718' title='bbox 1106 4865 1213 4927; x_wconf 78' lang='lat' dir='ltr'>religavit</span> <span class='ocrx_word' id='word_1_719' title='bbox 1221 4866 1267 4915; x_wconf 90' lang='lat' dir='ltr'>sub</span> <span class='ocrx_word' id='word_1_720' title='bbox 1275 4865 1367 4928; x_wconf 89' lang='lat' dir='ltr'>porticu</span> <span class='ocrx_word' id='word_1_721' title='bbox 1378 4878 1477 4926; x_wconf 80' lang='lat' dir='ltr'>sonora3</span> 
     </span>
     <span class='ocr_line' id='line_1_108' title="bbox 906 4952 1511 5019; baseline -0.005 -14"><span class='ocrx_word' id='word_1_722' title='bbox 906 4955 958 5019; x_wconf 88' lang='lat' dir='ltr'>ipse</span> <span class='ocrx_word' id='word_1_723' title='bbox 966 4968 1024 5004; x_wconf 87' lang='lat' dir='ltr'>vero</span> <span class='ocrx_word' id='word_1_724' title='bbox 1029 4954 1079 5015; x_wconf 75' lang='lat' dir='ltr'>iam</span> <span class='ocrx_word' id='word_1_725' title='bbox 1090 4955 1199 5017; x_wconf 83' lang='lat' dir='ltr'>Ulyssem</span> <span class='ocrx_word' id='word_1_726' title='bbox 1207 4954 1372 5004; x_wconf 79' lang='lat' dir='ltr'>allocutusest</span> <span class='ocrx_word' id='word_1_727' title='bbox 1379 4952 1493 5003; x_wconf 83' lang='lat' dir='ltr'>conviciis</span> <span class='ocrx_word' id='word_1_728' title='bbox 1504 4967 1511 5001; x_wconf 75' lang='grc' dir='ltr'>ι</span> 
     </span>
     <span class='ocr_line' id='line_1_109' title="bbox 937 5038 1630 5106; baseline -0.003 -14"><span class='ocrx_word' id='word_1_729' title='bbox 937 5047 1042 5106; x_wconf 82' lang='lat' dir='ltr'>Hospes,</span> <span class='ocrx_word' id='word_1_730' title='bbox 1052 5041 1132 5092; x_wconf 88' lang='lat' dir='ltr'>adhuc</span> <span class='ocrx_word' id='word_1_731' title='bbox 1141 5042 1213 5092; x_wconf 89' lang='lat' dir='ltr'>etiam</span> <span class='ocrx_word' id='word_1_732' title='bbox 1221 5055 1286 5091; x_wconf 88' lang='lat' dir='ltr'>nunc</span> <span class='ocrx_word' id='word_1_733' title='bbox 1296 5040 1336 5091; x_wconf 91' lang='lat' dir='ltr'>bic</span> <span class='ocrx_word' id='word_1_734' title='bbox 1344 5039 1516 5092; x_wconf 71' lang='lat' dir='ltr'>molestuscris</span> <span class='ocrx_word' id='word_1_735' title='bbox 1524 5039 1549 5090; x_wconf 93' lang='lat' dir='ltr'>ln</span> <span class='ocrx_word' id='word_1_736' title='bbox 1558 5038 1630 5091; x_wconf 84' lang='lat' dir='ltr'>domo</span> 
     </span>
     <span class='ocr_line' id='line_1_110' title="bbox 905 5129 1357 5193; baseline -0.007 -12"><span class='ocrx_word' id='word_1_737' title='bbox 905 5131 988 5181; x_wconf 66' lang='lat' dir='ltr'>oriris</span> <span class='ocrx_word' id='word_1_738' title='bbox 997 5133 1096 5193; x_wconf 86' lang='lat' dir='ltr'>potens?</span> <span class='ocrx_word' id='word_1_739' title='bbox 1104 5136 1129 5180; x_wconf 88' lang='lat' dir='ltr'>at</span> <span class='ocrx_word' id='word_1_740' title='bbox 1138 5143 1185 5179; x_wconf 90' lang='lat' dir='ltr'>non</span> <span class='ocrx_word' id='word_1_741' title='bbox 1194 5130 1269 5180; x_wconf 83' lang='lat' dir='ltr'>exibis</span> <span class='ocrx_word' id='word_1_742' title='bbox 1278 5129 1357 5179; x_wconf 82' lang='lat' dir='ltr'>foras?</span> 
     </span>
     <span class='ocr_line' id='line_1_111' title="bbox 904 5217 1479 5282; baseline -0.005 -11"><span class='ocrx_word' id='word_1_743' title='bbox 904 5218 1001 5271; x_wconf 90' lang='lat' dir='ltr'>omnino</span> <span class='ocrx_word' id='word_1_744' title='bbox 1009 5218 1169 5282; x_wconf 77' lang='lat' dir='ltr'>nonanrplius</span> <span class='ocrx_word' id='word_1_745' title='bbox 1178 5231 1222 5268; x_wconf 89' lang='lat' dir='ltr'>nos</span> <span class='ocrx_word' id='word_1_746' title='bbox 1230 5217 1397 5269; x_wconf 78' lang='lat' dir='ltr'>diremnrmiri</span> <span class='ocrx_word' id='word_1_747' title='bbox 1406 5221 1479 5282; x_wconf 83' lang='lat' dir='ltr'>puto,</span> 
     </span>
     <span class='ocr_line' id='line_1_112' title="bbox 1563 5308 1597 5348; baseline -0.088 0"><span class='ocrx_word' id='word_1_748' title='bbox 1563 5308 1597 5348; x_wconf 86' lang='grc' dir='ltr'>ιιι.</span> 
     </span>
    </p>
   </div>
   <div class='ocr_carea' id='block_1_7' title="bbox 0 0 1790 5932">
    <p class='ocr_par' dir='ltr' id='par_1_38' title="bbox 0 0 1790 5932">
     <span class='ocr_line' id='line_1_113' title="bbox 0 0 1790 5932; baseline 0 5"><span class='ocrx_word' id='word_1_749' title='bbox 0 0 1790 5932; x_wconf 95' lang='lat' dir='ltr'> </span> 
     </span>
    </p>
   </div>
  </div>
 </body>
</html>
