3570 5932
249 407 494 468 ΟΔΥΣΣΕΙΑΣ
520 410 556 469 ll.

10 552 44 591 25
103 532 158 595 Τθν
168 534 192 593 δ’
201 525 406 618 αύτεπροςέειπε
415 536 545 607 πολύτλας
555 540 608 608 δῖος
616 539 766 609 Ὀδυσσεύς·

59 619 155 701 τοιγθρ
165 619 217 698 ἐγώ
225 621 385 694 τοι,τέκνον,
397 623 519 697 ἀληθείην
529 625 671 695 καταλέξω

58 707 219 785 Φαίηκέςμ’
229 708 327 788 ἄγαγον
336 710 515 783 ναυσίκλυτοι
524 711 576 771 οίτε
586 713 733 781 καὶάλλους

45 794 255 876 .ἀνθρᾶιπους’
220 818 376 873 πεμπουσιν,
385 796 438 864 ὅτις
446 797 525 879 σφέας
534 799 703 880 εῖςαφίκηται

58 884 109 941 καί
119 907 139 960 μ
140 881 253 942 ἐὕδοντ’
263 887 289 942 ἐν
299 907 341 956 νηι
331 878 397 962 ῑθοῇ
407 883 495 943 ἐπλ’
458 909 553 944 ποντον
562 887 667 964 ἄγοντες

10 985 46 1026 mo
58 970 191 1028 κάτθεσαν
200 971 236 1038 εἰς
244 970 358 1044 Ἰθάκην·
351 971 431 1052 ’ρέπο
432 995 459 1031 ον
469 973 497 1031 δέ
506 997 549 1051 μοι
560 973 646 1054 eylsi
656 977 742 1056 δῶρα,

56 1054 459 1139 χαλκάντεχρυσύντεάλιςέσθ
446 1061 544 1130 θῆτάθ*
553 1061 677 1142 ὑφαντήν·

57 1142 106 1201 καὶ
115 1142 149 1202 τά
158 1141 205 1220 μὲν
214 1149 240 1204 ἐν
251 1146 363 1216 σπήεσσι
373 1151 437 1205 θεῶν
447 1145 529 1219 ἰύιητι
538 1147 650 1208 κ.έονται

56 1223 161 1290 Νῦν
127 1255 160 1289 αυ
171 1235 214 1291 θεῶ
216 1233 342 1313 ρ’ίκύμην
352 1234 579 1379 ὑποθημοσύνῃσιν
588 1235 709 1309 Ἀθηνης,

57 1317 129 1397 ὄφρα
137 1342 168 1376 κε
177 1256 339 1396 δυσμενέεσσι
350 1319 471 1402 φύνουέ
436 1344 457 1378 π
472 1345 496 1403 ρι
507 1321 698 1401 βουλεύσωμεν.

10 1422 44 1462 us
59 1404 130 1463 Ἀλλ’
139 1405 187 1483 ἄγε
197 1429 241 1483 μοι
252 1411 401 1488 μνηστῆρας
413 1408 559 1488 ἀριθμήσας
568 1409 719 1484 κατάλεξον,

61 1491 123 1574 ὄφρ’
131 1493 218 1565 εἰδέω,
227 1492 299 1552 ὅσσοι
307 1518 336 1553 τε
345 1495 391 1553 καὶ
400 1494 490 1563 οἵτινες
499 1495 586 1577 ανέρες
595 1497 669 1556 εἰσίν

57 1582 160 1642 καίοιεν
169 1584 231 1662 ἀμὸν
240 1584 308 1643 κατὰ
317 1586 398 1663 θυμδν
408 1587 530 1665 ἀμύμονα
542 1589 702 1670 μερμηρίξας

57 1668 224 1778 φράσσομαι,
234 1671 295 1730 είκε
284 1695 309 1729 ν
321 1677 367 1730 νῶι
357 1673 531 1751 δυνησόμεθ’
541 1612 735 1757 ἀντιφέρεσθαι,

59 1754 149 1833 μούνω
158 1757 241 1816 ἄνευθ’
252 1758 365 1830 ἄλλωνῆ
378 1760 423 1819 καὶ
434 1760 581 1869 διζησόμεθ’
593 1763 694 1830 ἀλλους.

10 1863 45 1900 tto
98 1843 186 1904 'list’
198 1870 230 1903 αυ
215 1836 400 1927 Τηλέμαχος
408 1870 572 1925 πεπνυμενος
580 1849 666 1909 ἀντίον
675 1849 752 1924 ηύδιι·

57 1919 80 1988 ὦ
88 1929 183 2012 πᾶτερ,
193 1932 250 2004 ἤτοι
260 1941 315 1991 σεῖο
326 1933 395 2011 μίγα
404 1934 478 2002 κλέος
487 1934 543 1993 αἰέν
553 1935 656 2009 ἄκουον,

56 2026 118 2098 χεῖρ
119 2018 173 2085 ἄςτ
173 1980 323 2164 '’aimoin-86
335 2019 426 2098 ἔμεναι
434 2021 480 2079 καλ
490 2021 615 2104 ἐπίφρονα
627 1983 734 2102 βάυλιίν

59 2103 128 2161 ἀλλά
136 2103 196 2176 λίην
205 2097 308 2183 μέγαῖ
283 2130 295 2164 ε
306 2130 361 2174 πες·
371 2107 423 2184 ἄγη
434 2131 454 2184 μ
458 2106 539 2187 ’ἔχεν
549 2107 609 2168 οὐδε
617 2133 662 2168 κεν
672 2111 712 2184 είη

58 2191 135 2273 ἄνδρε
145 2192 199 2251 δύω
206 2196 325 2253 πολλοῖσι
334 2193 380 2252 καλ
390 2195 517 2276 ἰφθίμοισι
527 2195 668 2276 μάχεσθαι.

10 2297 45 2336 tto
58 2278 295 2362 Μνηστήρωνδ
266 2304 313 2339 ουτ
313 2280 364 2361 ’θρ
374 2280 475 2350 δεκθις
460 2306 494 2340 ατ
495 2281 604 2364 ικές
575 2307 634 2342 ουτε
644 2283 683 2343 δύ’
696 2275 765 2359 siat,

58 2363 128 2424 ἀλλά
138 2365 369 2435 πολύπλέονες·’
336 2392 406 2448 ταχα
415 2306 619 2431 δἐἴσεραιένθάδ
628 2375 646 2429 ἀ
647 2371 744 2453 ιρθμύν.

60 2451 113 2511 Ἐκ
123 2449 171 2530 μὲν
180 2454 328 2561 Δουλιχίοιο
338 2452 391 2512 δύω
400 2454 445 2513 καθ
456 2456 617 2527 πεντήκοντα

57 2562 148 2620 κουροι
156 2563 219 2621 κεκ
222 2539 316 2617 ιμένοι,
327 2540 390 2609 till
401 2542 569 2650 δρηστηρεῌ
552 2567 667 2603 επονται·

57 2629 88 2684 ἐκ
98 2625 126 2685 88
136 2626 230 2704 Σάμης
239 2626 345 2708 πίσυρές
353 2653 381 2687 τε
390 2652 435 2687 και
425 2629 574 2689 εἴκοσι’
536 2655 618 2713 φωτες
627 2631 708 2706 ἔασιν,

10 2731 46 2773 tw
58 2715 90 2771 ἐκ
98 2714 127 2772 δέ
137 2712 296 2773 Ζακύνθου“’
281 2737 353 2773 εασιν
362 2716 457 2776 ἐείκοσι
466 2740 554 2828 κουρρι
565 2718 686 2798 Ἀχαιῶν,

56 2803 88 2859 ἐκ
98 2801 160 2859 δ”
130 2801 274 2871 αυτηςἸθ’
243 2807 323 2874 θοικης
333 2803 535 2862 δυοκαίδεκα’
497 2828 592 2872 παντες
602 2805 716 2887 ἄριστοι,

54 2887 103 2946 καί
112 2911 172 2970 σφιν
183 2888 228 2966 ἀμ’
239 2888 294 2948 leri
304 2888 398 2948 Μέδων
409 2891 489 2973 κῆρυξ
500 2891 545 2950 καλ
555 2898 621 2960 θεῖος
630 2894 715 2962 ἀοιδὸς

53 2975 101 3034 καὶ
111 2975 174 3034 δοιὼ
182 2975 335 3057 θεράποντε,
346 2976 460 3054 δαήμονε
469 2979 670 3060 δαιτροσυνάων.

53 3065 119 3122 Τῶν
128 3061 153 3120 εί
160 3085 205 3120 κεν
213 3062 317 3121 πάντων
328 3064 473 3143 ἀνι-τίσομεν
483 3066 554 3125 ἔνδον
564 3066 665 3139 ἰόντων,

10 3173 39 3211 co
52 3150 93 3229 μὴ
104 3150 253 3234 πολύπικρα
263 3152 308 3211 καλ
319 3153 378 3211 αἰνὰ
390 3153 447 3233 βίας
458 3155 595 3214 ἀποτίσεαι
605 3155 694 3214 ileon.

55 3236 178 3298 Alii
147 3262 213 3317 συγ
224 3244 248 3298 εί
259 3239 370 3299 δύνασαί
379 3264 419 3299 τιν
420 3239 551 3325 ’ἀμύντορ
553 3268 569 3301 ιι
582 3242 754 3390 μερμηρίξαι,

52 3325 168 3407 φράζευ,
178 3325 244 3385 ists
255 3352 293 3394 τις
302 3334 363 3386 νῶϊν
373 3327 467 3406 ἀμύνοι
477 3330 602 3412 πρόφρονι
612 3335 694 3413 θυμῶ.

93 3414 149 3473 Tio
159 3405 225 3472 δ’
190 3438 252 3474 αυτι
261 3414 394 3498 προςέειπε
404 3417 548 3527 πρλύτλας
544 3419 596 3485 δῖος
606 3415 757 3487 Ὀδυσσεύς·

51 3499 147 3581 τοιγάρ
157 3499 222 3578 ἐγὼν
232 3500 309 3583 ἐρέω,
320 3526 352 3560 συ
337 3500 433 3560 δὲ’
402 3527 449 3561 συν
451 3508 492 3561 θεο
501 3502 548 3562 καί
559 3527 607 3580 μευ
619 3503 737 3563 ἄκουσον·

10 3607 39 3646 oo
53 3587 101 3646 καὶ
111 3587 221 3668 φράσαι,
233 3589 257 3647 εί
264 3612 308 3647 κεν
318 3593 378 3647 νῶϊν
388 3588 516 3661 Ἀθήνη
491 3614 538 3649 συν
548 3590 591 3650 Διλ
599 3591 680 3672 πατρὶ

53 3672 175 3781 ἀρκέρει,
183 3673 216 3746 ἠέ
224 3699 263 3733 τιν
264 3675 384 3734 ’ἄλλον’
370 3674 502 3757 αμύντορα
514 3676 672 3757 μερμηρίξω.

94 3759 150 3819 Τὸν
160 3761 181 3817 δ’
192 3785 224 3819 αυ
209 3752 308 3831 'Teii
309 3785 393 3840 μαχος
401 3760 562 3872 πεπνυμένφς
571 3762 656 3822 ἀντίον
665 3761 742 3835 ηύδα

54 3844 140 3905 έσθλω
148 3846 306 3958 τοιτούτριγ
307 3847 501 3929 ’ἐπαμύντορῃ
510 3847 569 3915 τους
578 3851 722 3930 αγορευεις,

53 3933 102 4015 ὕψι
110 3957 160 4015 περ
169 3938 196 3994 ἐν
204 3934 322 4016 νεφκσσι
331 3933 510 4012 καθημένω
491 3959 542 3993 ωτε
550 3936 595 3994 καὶ
604 3936 692 4004 ἄλλοις

10 4041 39 4080 σε
54 4020 164 4101 ἀνδράσι
173 4046 201 4080 τε
207 4021 346 4133 κρατέουσι
356 4023 401 4081 καὶ
411 4023 561 4083 ἀθανάτοισι
571 4029 675 4083 θεοῖσιν.

92 4107 147 4168 'liv
157 4101 223 4166 δ’
189 4133 251 4168 αυτε
261 4108 393 4190 προςὲειπε
404 4109 534 4178 πολύτλας
543 4112 595 4178 δῖος
604 4111 755 4181 Ὀδυσσεύς·

54 4193 144 4272 obulo
153 4219 193 4253 τοι
202 4196 279 4254 κείνω
289 4220 318 4275 γε
327 4196 408 4256 nolio
417 4196 509 4278 χρόνον
520 4197 600 4302 ἀμφὶς
610 4197 713 4258 ἔσεσθον

55 4280 196 4363 φυλόπιδος
204 4305 347 4364 κρατερης,
358 4281 435 4342 θπάτε
445 4289 592 4364 μνηστῆρσι
602 4282 647 4342 καὶ
655 4289 721 4363 ἡμῖν

54 4371 82 4426 ἐν
93 4367 244 4450 μεγάροισιν
254 4372 339 4446 ἐμοῖσι
349 4369 423 4447 μένος
432 4370 552 4451 κρίνηται
560 4369 662 4452 Ἄρηος.

10 4475 46 4514 ιῑυ
59 4453 140 4514 lilii
149 4454 181 4514 σθ
191 4453 238 4534 μὲν
247 4462 293 4514 νῦν
302 4456 378 4538 ἔρχευ
389 4457 434 4535 ἀμ’
442 4462 486 4528 ἠοῖ
495 4456 682 4538 φαινομένηφιν

54 4542 145 4601 οἶκαδε
153 4544 199 4601 καλ
209 4549 369 4626 μνηστῆρσιν
377 4545 572 4626 ὑπερφιάλοισιν
582 4542 676 4622 ὁμίλει·

54 4628 140 4710 αύτθρ
150 4628 197 4708 ἐμὲ
205 4632 283 4713 προτὶ
293 4632 358 4691 ἄστυ
370 4632 489 4705 συὸώτης
499 4631 603 4713 ὕστερος
613 4631 682 4706 ἄξει,

53 4722 155 4798 πτωχῷ
163 4717 297 4800 λευγαλέῳ
306 4719 449 4797 ἐναλίγκιον
458 4717 505 4791 ἠδέ
514 4718 621 4800 γέροντι.

55 4805 90 4864 El
100 4803 129 4864 δέ
138 4805 166 4883 μ’
177 4805 335 4883 ἀτιμήσουσι
345 4804 423 4882 δύμον
434 4805 516 4878 κάτα,
527 4805 596 4864 σθνδ
582 4803 608 4863 ³
597 4803 691 4886 φίλον
702 4807 753 4883 κῆρ

10 4909 41 4948 tto
53 4890 173 4950 τετλάτω
183 4895 209 4951 έν
219 4892 341 4964 στήθεσσι
350 4897 436 4958 κακῶς
444 4892 590 4971 πάσχοντος
600 4895 679 4970 ἐμεῖο.

53 4973 254 5061 ΗΗνπεδρκαλ
219 4982 261 5039 δια
272 4981 348 5059 δῶμα
357 4981 443 5038 ποδῶν
456 4978 590 5040 ἕλοιωσιθύ
560 4984 652 5062 θραζε

55 5060 212 5148 ἢβίλεσινβ
213 5066 362 5128 &linet-m
373 5065 487 5147 δ’ρέίςο
472 5089 523 5125 οων
532 5065 679 5147 ἀνέχεσθαι

55 5149 123 5214 ’λλλ
131 5154 325 5229 ἤτοιπαύεσθαι
335 5153 491 5233 ἀνωγέμεν’
477 5154 658 5237 αφροσυνάων,
721 5240 735 5255 ,Ἴ

1067 413 1278 478 oulssllAE
1302 419 1392 483 XVI.
1555 431 1611 488 445

864 544 934 592 iluuc
943 547 1023 592 autem
1032 558 1115 595 rursus
1125 546 1286 600 allocutuseat
1292 550 1383 602 audens
1389 552 1486 604 divinus
1495 555 1593 619 ttlyases
1604 576 1611 609 ι

833 629 955 680 enimvero
964 643 1008 692 ego
1018 631 1074 692 tibi,
1084 632 1130 694 fill,
1141 647 1225 683 verum
1234 637 1357 687 enarrabo.

832 717 946 766 Phaeaces
956 731 995 767 me
1004 718 1124 770 duxenmt
1133 723 1367 787 remotim-inclyti,
1376 728 1418 789 qui
1428 733 1453 777 et
1461 729 1520 779 ullos

832 802 940 854 homiues
948 804 1081 867 deducunt,
1091 807 1235 872 quicumque
1243 811 1346 874 ari-ipsos
1355 815 1463 864 venerit:

832 895 857 939 et
865 904 904 942 me
913 891 1068 943 dormientem
1078 895 1103 943 in
1111 895 1168 944 nori
1177 897 1253 946 veloci
1263 911 1334 962 super
1343 906 1442 962 pontum
1451 905 1566 955 vehentes

832 977 993 1041 deposuerint
1011 981 1037 1029 in
1055 981 1137 1031 ithace
1153 997 1159 1031 :
1176 982 1294 1035 dederam
1311 993 1393 1038 autem
1411 991 1471 1040 mibi
1488 992 1612 1054 splendide

831 1065 916 1128 done‚]
926 1079 1008 1130 esque
1016 1080 1149 1133 eurumque
1158 1070 1266 1132 abunde,
1274 1074 1466 1140 vestimentoque
1476 1083 1559 1129 ιειιιι

833 1158 857 1201 et
864 1153 917 1202 haec
925 1154 1022 1216 quidem
1034 1157 1059 1205 in
1068 1157 1189 1224 speluncis
1197 1157 1298 1216 deorum
1306 1162 1405 1212 consilio
1412 1164 1500 1224 jacent.

832 1243 900 1289 Nunc
909 1247 989 1291 sutem
999 1243 1047 1292 hoc
1055 1244 1110 1293 veni
1120 1244 1322 1296 admonitionibus
1330 1249 1459 1313 llinervoe,

831 1330 859 1375 ut
868 1327 1018 1378 inimicorum
1026 1330 1057 1380 de
1066 1331 1132 1381 ccede
1141 1329 1313 1384 consulteruus.

832 1413 880 1462 Sed
888 1417 993 1475 ogeruilri
1000 1425 1239 1490 procosenumeraet
1248 1435 1359 1483 recense,

831 1504 857 1548 ut
867 1502 952 1561 sciam,
959 1509 1065 1566 quotque
1076 1510 1101 1555 et
1109 1506 1206 1568 quinem
1215 1508 1260 1556 viri
1269 1509 1317 1558 sint
1327 1525 1334 1558 t

831 1574 918 1638 et‘meo
929 1589 1043 1640 inanimo
1051 1593 1139 1643 eximio
1148 1594 1422 1659 behimzleliberetione,

830 1676 990 1736 considerem,
1000 1679 1021 1727 al
1030 1693 1074 1727 nos
1082 1681 1202 1742 possimus
1210 1688 1430 1746 eontra-eoactum,

830 1761 875 1810 soli
884 1763 1005 1827 sinealiia,
1017 1778 1046 1814 αιι
1054 1771 1078 1815 et
1087 1767 1255 1830 conquircmus
1264 1771 1331 1821 alios.

862 1852 1610 1918 HunceutemrursuaTelemeclrusprudenscontraallooutus·
1686 1865 1691 1874 '

829 1939 867 1984 est
874 1935 910 1998 :]o
918 1942 994 1999 pater,
1004 1951 1061 1988 sune
1070 1946 1135 1989 tuam
1145 1954 1254 2003 magnam
1263 1943 1361 2005 gloriam
1371 1957 1465 2008 semper
1473 1947 1608 2010 audiebam,

829 2023 987 2087 manibusque
997 2028 1019 2074 te
1028 2026 1167 2076 bellatorem
1175 2041 1241 2089 esse,
1251 2034 1275 2078 et
1284 2030 1424 2092 prudentem
1433 2033 1531 2082 mosibo
1540 2049 1547 2082 z

829 2110 951 2161 aeduinus
960 2126 1072 2174 maguum
1081 2113 1165 2164 dixisti
1171 2131 1178 2175 ;
1189 2121 1272 2179 stupor
1281 2131 1320 2167 mc
1330 2122 1395 2168 tenet
1405 2136 1411 2168 :
1421 2133 1465 2168 uec
1473 2120 1555 2172 liceret

829 2197 895 2247 viros
902 2197 964 2248 ‹luos
972 2201 1120 2250 cum-multia
1129 2207 1154 2251 et
1163 2201 1263 2253 fortibus
1272 2217 1384 2266 pugnare.

829 2287 957 2334 Procerum
966 2290 1099 2337 autemnon
1109 2302 1166 2339 seue
1175 2289 1245 2339 decas
1255 2304 1315 2351 uus,
1325 2305 1369 2340 nec
1380 2291 1435 2342 dum
1446 2294 1516 2354 solae,

828 2371 872 2421 aed
880 2372 1045 2436 multoplures
1054 2379 1132 2432 aaron
1142 2378 1191 2426 cito
1200 2382 1279 2426 eutem
1289 2379 1350 2428 acies
1358 2379 1397 2429 bic
1405 2394 1539 2432 numerum.

828 2463 866 2509 Ex
874 2460 986 2510 Dulichio
994 2462 1092 2525 quidem
1101 2463 1149 2513 duo
1158 2469 1183 2513 et
1189 2453 1363 2527 quinquaginta

825 2545 927 2608 juvenes
936 2549 1030 2610 aelecti,
1040 2562 1083 2599 ser
1092 2563 1149 2600 vero
1158 2563 1197 2600 eos
1206 2552 1288 2601 sommi
1296 2553 1439 2604 comitentur
1444 2571 1453 2610 ;

828 2648 859 2684 ex
868 2638 940 2684 Samo
949 2640 1028 2685 autem
1038 2642 1186 2700 quatuorque
1194 2644 1218 2687 et
1227 2639 1311 2700 viginti
1321 2640 1366 2688 riri
1375 2645 1444 2713 τιμῶ

828 2727 889 2772 etex
900 2724 1022 2785 zacyntho
1031 2729 1087 2774 sont
1097 2725 1180 2786 viginti
1187 2725 1288 2786 iuvenes
1298 2727 1457 2789 Achivorum,

827 2821 858 2856 er
868 2808 919 2870 ipsa
928 2822 985 2858 vero
996 2808 1076 2858 ltboce
1085 2810 1211 2860 duodecim
1219 2824 1303 2861 omues
1311 2797 1408 2876 optimi,

828 2899 914 2944 etcum
925 2896 983 2958 ipsis
992 2896 1063 2945 simul
1072 2901 1110 2946 est
1117 2897 1203 2947 Medon
1212 2911 1304 2960 praeco,
1314 2905 1338 2949 et
1347 2899 1445 2951 divium
1454 2907 1544 2964 mutor,

827 2987 852 3031 et
860 2982 909 3032 (luo
918 2983 1032 3043 ministri,
1041 2984 1110 3046 periti
1117 2985 1349 3046 epulas-instruendi.

828 3071 871 3119 llia
880 3070 901 3119 si
909 3071 1020 3120 omnibus
1029 3071 1207 3121 nosolleremus
1216 3073 1280 3122 intus
1289 3074 1452 3135 versantibus,

827 3169 914 3206 vereor
925 3171 955 3207 ne
967 3171 1174 3220 perquam-emme
1185 3163 1210 3208 et
1223 3160 1326 3220 graviter
1338 3173 1427 3210 eorum
1439 3161 1537 3222 injurios
1548 3165 1602 3213 ulei·

827 3245 901 3294 aceris
910 3244 1040 3308 reversus]
1047 3245 1095 3295 sed
1104 3246 1249 3309 tu,sipoaeis
1258 3246 1361 3310 aliquem
1368 3247 1503 3309 adjutorem
1512 3252 1603 3312 excogi-

827 3337 877 3381 tore
883 3331 900 3394 ,]
908 3332 1043 3392 considera,
1052 3333 1094 3395 qui
1103 3333 1171 3382 uobis
1181 3334 1308 3383 auxilietur
1314 3334 1406 3384 lubenti
1412 3336 1498 3385 animo.

856 3423 926 3470 llunc
935 3425 1015 3470 autem
1026 3421 1477 3474 rursusellocutusestaudensdivinua
1490 3425 1598 3487 Ulysscs:

825 3507 947 3557 enimvero
956 3521 1000 3570 ego
1007 3508 1084 3558 dicero
1090 3525 1098 3568 ;
1108 3512 1136 3557 tu
1144 3521 1201 3558 vero
1211 3508 1307 3557 attende
1316 3513 1341 3558 et
1349 3521 1388 3558 me
1400 3511 1471 3571 audi,

825 3598 849 3643 et
857 3593 995 3654 considera,
1005 3593 1026 3643 si
1034 3594 1104 3643 uobis
1111 3595 1218 3644 Minerva
1226 3608 1282 3644 cum
1291 3598 1305 3644 J
1307 3609 1352 3645 ove
1361 3601 1428 3659 petre

825 3681 938 3740 sufficiet,
948 3695 978 3729 an
986 3681 1089 3744 aliquem
1099 3681 1171 3730 elium
1180 3681 1311 3741 adiutorem
1320 3683 1461 3744 exmgitem.

855 3772 1008 3818 lluncoutem
1017 3781 1101 3816 rursus
1110 3767 1265 3817 Telemachus
1274 3768 1379 3830 prudens
1388 3775 1469 3818 contra
1477 3771 1599 3821 allocutus·

824 3859 862 3905 est
870 3855 887 3919 :]
896 3855 951 3905 boni
961 3869 1017 3904 sanc
1026 3854 1067 3903 isti
1075 3858 1137 3903 nent
1145 3854 1264 3914 adjutores
1273 3890 1280 3914 ,
1291 3868 1352 3916 quos
1361 3868 1493 3916 memoras,

823 3943 870 3993 slte
879 3943 976 4005 quidem
986 3942 1010 3990 in
1018 3942 1122 3991 nubibus
1131 3941 1252 4000 sedentem
1263 3941 1304 4003 qui
1313 3941 1395 4004 utique
1404 3947 1429 3991 et
1437 3943 1490 3992 eliis

823 4031 881 4081 viria
890 4030 1049 4091 dominentur,
1059 4033 1084 4080 et
1093 4029 1264 4079 immortalibus
1273 4029 1327 4079 (liis.

853 4123 1007 4169 lluucautem
1015 4132 1098 4167 mrsua
1106 4118 1267 4166 allocutusest
1276 4117 1367 4166 audeus
1377 4116 1474 4165 divinus
1482 4115 1594 4178 Ulyssea:

822 4206 887 4257 inud
894 4207 990 4269 quidem
997 4206 1032 4256 illi
1041 4205 1116 4254 mutto
1126 4209 1231 4266 tempore
1241 4217 1349 4253 seorsum
1358 4203 1460 4253 aberunt

822 4308 924 4358 conque
934 4293 988 4342 lorti
993 4328 1001 4354 ,
1010 4292 1106 4355 quondo
1115 4293 1193 4354 procis
1202 4296 1226 4340 et
1233 4290 1301 4339 nobis

822 4383 846 4432 in
856 4382 948 4432 odilus
957 4380 1017 4430 meis
1027 4379 1099 4428 robur
1108 4378 1247 4428 decernetur
1256 4376 1347 4427 Mortis.

822 4471 868 4521 Sed
877 4475 905 4520 tu
913 4469 1009 4533 quidem
1018 4481 1083 4517 nunc
1092 4465 1165 4526 vade,
1176 4465 1248 4514 simui
1257 4475 1407 4515 cum-eurora
1416 4462 1582 4521 illucescente,

822 4558 933 4616 domum,
942 4561 967 4606 et
975 4554 1121 4618 cnm-procis
1130 4551 1287 4602 insolentibus
1296 4562 1391 4600 versure
1402 4564 1409 4598 ι

821 4647 846 4694 et
855 4657 894 4693 me
903 4643 934 4692 ed
942 4641 1026 4692 urbem
1035 4640 1150 4691 subulcus
1158 4637 1335 4702 posteaquem,

822 4731 931 4781 mendico
940 4729 1026 4779 misero
1036 4726 1151 4785 similem,
1161 4729 1185 4774 et
1195 4724 1255 4772 seui.

820 4818 845 4869 si
852 4822 932 4867 autem
939 4830 977 4866 me
984 4811 1252 4878 ignominia-afficientia
1260 4810 1419 4868 domo‚tuum
1426 4814 1594 4860 temencerum

820 4905 870 4970 cor]
878 4904 978 4954 tolerato
987 4905 1012 4953 ἰιι
1020 4900 1169 4965 pectoribus,
1179 4898 1240 4948 male
1249 4898 1354 4961 patiente
1363 4911 1410 4946 mc.

820 4993 919 5046 Etiamsi
930 4992 967 5041 vel
976 5004 1018 5054 per
1026 4989 1125 5039 domum
1133 4987 1234 5051 pedibus
1243 4999 1283 5036 me
1292 4985 1387 5035 trahent
1396 4984 1472 5046 tores,

820 5081 858 5130 vel
869 5079 921 5129 telis
930 5076 1062 5140 percutient
1072 5090 1079 5123 ι
1090 5080 1117 5126 tu
1126 5078 1206 5124 tamen
1214 5072 1341 5138 inspiciens
1350 5072 1456 5123 tolerato.

819 5173 851 5220 At
858 5181 915 5220 sane
923 5178 1016 5217 cessare
1023 5164 1081 5228 iube
1089 5160 1273 5227 ebiuaipieutia,
