3570 5932
194 440 370 501 tittuox
388 442 425 501 ll.
959 445 1128 507 ILIADIS
1149 447 1271 508 XXIV.
1468 459 1525 509 28³

89 560 117 618 λ’
128 559 252 627 ἐνδυκέως
261 559 353 620 ἱκέτεω
361 561 534 643 πεφιδήσεται
544 561 643 644 ἄνδράς.
748 565 791 613 ὓθθ
802 577 887 627 magne
895 578 1017 615 cumcurn
1027 566 1128 629 supplici
1138 572 1219 630 parcet
1228 567 1288 615 viro.

89 652 158 728 φατ’·
168 638 236 731 ώρτο
246 646 274 707 δέ
282 639 348 730 Ἰρις
357 648 484 716 ἀελλόπος
494 650 662 728 ἀγγελέουσα,
777 653 816 701 Sic
823 652 897 702 dixit:
907 654 1011 703 surrexit
1019 667 1077 703 vero
1086 655 1130 704 iria
1143 653 1353 716 ventosa-pedibus
1362 655 1513 705 nuntiatura.

89 740 109 801 ἔς
120 735 260 818 Πριάμοιο·
270 736 344 816 κίχεν
354 737 376 794 δ’
387 737 482 808 ἐνοπήν
491 761 519 795 τε
529 736 589 815 γόον
598 761 635 796 τε,
747 740 856 789 Pervenit
864 745 944 791 autem
954 741 977 790 in
987 741 1075 791 Priami
1085 741 1205 797 domum
1220 747 1244 792 et
1255 741 1347 791 bavenit
1355 742 1532 805 duncremque

89 823 133 882 ιὲν
142 823 232 906 πατέρ’
244 823 312 905 ἄμφί
321 823 389 894 καθή
392 848 464 901 μενοι
474 824 573 883 ἔνδοθεν
583 827 664 898 αὐλῆς
746 826 895 891 fletumque]
903 828 955 893 Filii
961 829 1058 891 quidem
1063 833 1154 892 patrem
1169 829 1461 879 circumsedentesinaula

89 938 98 967 ν
110 909 196 986 εἵματ’
207 910 307 992 ἔφυρον·
317 915 332 969 θ
341 913 364 970 δ’
374 916 400 971 ἐν
411 912 530 988 μέσσοισι
542 911 645 994 γεραιὸς
747 913 850 964 lacrimis
860 916 1003 970 vestimenta
1012 915 1199 979 perfundebant:
1208 916 1259 978 ipae
1269 929 1326 966 vere
1336 917 1450 968 moretis
1457 930 1530 968 senex

95 1003 123 1057 ἐν
131 999 227 1079 χλαίνῃ
237 997 441 1076 κεκαλυμμένος·
452 999 519 1081 ἀμφὶ
529 997 556 1057 δὲ
566 997 651 1071 πολλὴ
746 1002 864 1051 obvoluta
873 1007 941 1052 veste
951 1007 1042 1063 tectum
1052 1003 1191 1065 circumque
1200 1003 1291 1052 multus

89 1085 126 1155 ἠν
135 1087 236 1166 κεφαλῇ
246 1084 329 1144 τεκαὶ
338 1085 429 1164 αὐχένι
438 1094 493 1145 τοῖο
502 1085 632 1168 γέροντος,
747 1089 820 1138 timus
828 1089 933 1151 qfsusrta
939 1095 990 1140 erat
998 1091 1117 1154 capitique
1125 1096 1150 1140 et
1156 1091 1242 1140 cervici
1252 1091 1330 1152 senis,

89 1172 258 1249 ,υλινδόμενος
267 1171 443 1248 καταμήσατο
452 1172 542 1253 χερσὶν
553 1178 634 1253 ἐῆσιν.
747 1190 818 1238 quem
828 1177 925 1239 quidem
935 1177 1083 1228 sta-volutant
1091 1176 1307 1239 affatim-iniecerat
1315 1178 1426 1229 manibus
1435 1179 1495 1230 ειιὶε.

89 1283 125 1327 ιες
135 1261 156 1317 δ’
167 1258 217 1318 ἄνᾶ
225 1258 327 1337 δώματ’
338 1257 375 1317 ἷδέ
385 1258 439 1317 νυοί
449 1258 591 1341 ὠδύροντο,
748 1264 815 1313 Filiae
825 1278 930 1328 veroper
939 1264 1019 1325 mdes,
1029 1270 1054 1315 et
1062 1278 1151 1325 ουειιε,
1161 1264 1362 1326 lamentabantur,

89 1346 261 1424 νησκόμεναι,
271 1347 297 1405 oi
307 1345 338 1418 δὴ
347 1346 438 1413 πολέες
447 1371 475 1404 τε
485 1347 530 1405 καὶ
540 1347 626 1406 ἐσθλοί
748 1351 843 1401 illorum
853 1353 1020 1412 recordantes,
1030 1352 1071 1415 qui
1084 1352 1134 1414 iarn
1143 1353 1261 1415 multique
1269 1357 1294 1402 et
1303 1353 1394 1403 suenni

89 1436 118 1492 π’
129 1434 249 1514 Ἀργείων
258 1432 337 1492 κέατο
345 1431 432 1514 ψυχὰς
440 1434 584 1501 ὀλέσαντες.
748 1440 860 1489 manibus
870 1440 915 1490 sub
924 1440 1066 1502 Argivorum
1073 1440 1185 1503 jacebant
1195 1440 1321 1490 animabus
1328 1441 1422 1503 privati.

89 1521 154 1604 ταρὰ
163 1521 285 1602 Πρίαμον
294 1520 355 1588 Διὸς
368 1522 547 1600 ἄγγελος,ἠδὲ
557 1520 705 1603 προςηύδα,
747 1527 1530 1589 stetitautemjuxtaeriamumtovununtia,etdtocuuesteum,

89 1608 248 1689 ιθεγξαμίνῃ·
259 1609 304 1668 τὸν
314 1611 340 1667 δέ
352 1606 447 1689 τρόμος
457 1607 552 1667 έλλαόε
562 1617 632 1688 γυῖα·
748 1618 876 1668 summissa
885 1632 958 1679 voce;
968 1619 1003 1667 illi
1011 1624 1092 1668 autem
1102 1623 1191 1669 tremor
1199 1619 1332 1682 occupabat
1341 1623 1408 1669 artam
1418 1635 1425 1667 ι

89 1722 132 1769 ει,
142 1695 291 1778 Δαρδανίδη
303 1694 420 1777 Πρίαμε,
431 1695 519 1776 φρεσὶ,
531 1694 599 1772 μηδέ
607 1719 632 1754 τι
641 1695 705 1775 τάρ-
779 1705 888 1765 conlido,
898 1705 1033 1755 Dardanide
1042 1706 1144 1766 Priame,
1154 1707 1243 1766 arrimo,
1254 1720 1301 1756 neu
1310 1705 1514 1756 omninolormida
1524 1720 1530 1754 :

90 1785 124 1865 ἄρ
133 1809 173 1843 τοι
181 1782 233 1861 ἐγὼ
242 1782 325 1841 κακὸν
333 1780 462 1858 δσσομένη
472 1780 526 1840 τόδ’
536 1781 631 1854 ἱκάνω,
642 1782 703 1860 [θεν
747 1806 795 1840 non
804 1794 867 1842 enim
877 1793 927 1842 tibo
935 1806 979 1855 ego
987 1793 1077 1843 malum
1086 1793 1204 1845 muium
1213 1793 1261 1843 huc
1270 1795 1352 1854 venio,

89 1871 132 1932 ιθᾶ
140 1868 291 1954 φρονέουσα·
302 1868 362 1936 Διὀς
372 1867 401 1927 δέ
408 1893 448 1927 τοι
458 1868 566 1947 ἄγγελός
576 1872 644 1946 εἰμι,
748 1879 791 1929 sed
800 1880 917 1930 benevolo
925 1882 1019 1941 animo3
1029 1881 1097 1931 toris
1106 1886 1186 1931 autem
1195 1882 1238 1931 tibi
1248 1882 1409 1943 nuntiatum,

89 1961 185 2018 ίνευθεν
195 1957 253 2029 ἐὼν,
263 1955 333 2035 μέγα
343 1956 452 2028 κήδεται
461 1958 503 2027 ἠδ’
516 1957 635 2037 ἐλεαίρει.
747 1968 790 2030 qui
797 1968 845 2028 tui,
854 1968 939 2031 procul
946 1968 1039 2018 licet-sit
1046 2005 1053 2030 ,
1061 1982 1171 2030 magnam
1178 1969 1354 2029 euram-babet,
1363 1974 1388 2018 et
1396 1968 1530 2019 miseretur.

89 2049 116 2107 τί
124 2072 153 2106 σε
163 2045 284 2105 κέλευσεν
293 2043 440 2123 Ὀλύμπιος
448 2043 568 2125 Ἕκτορα
578 2047 641 2118 διον,
748 2055 872 2106 Redimere
882 2061 906 2105 te
912 2057 991 2118 jusset
1001 2056 1125 2119 olympius
1135 2060 1260 2106 Hectorem
1270 2057 1392 2118 divinum,

89 2137 210 2215 Ἀχιλλῆϊ
219 2131 338 2213 φερέμεν,
347 2129 381 2189 τά
391 2155 421 2188 κε
431 2130 513 2208 θυμὸν
523 2131 597 2210 ἰήνῃ,
748 2141 857 2204 doneque
865 2144 952 2193 Acirilli
961 2144 1035 2204 terre,
1044 2158 1100 2206 quae
1108 2144 1214 2193 animmn
1224 2147 1274 2206 ipsi
1283 2146 1390 2206 placent,

89 2224 116 2282 δέ
124 2247 163 2289 τις
172 2221 249 2286 ἄλλος
259 2219 276 2277 ἄ
278 2243 315 2296 μα
323 2217 424 2299 Τρώιον
434 2219 482 2277 ἴτω
492 2219 566 2300 ἄνήρ.
748 2229 919 2293 autumnoque
927 2232 1055 2294 quisquam
1064 2231 1125 2280 alius
1134 2245 1182 2279 una
1191 2231 1347 2291 Troianorum
1356 2236 1396 2281 eat
1405 2232 1448 2281 vir.

89 2310 114 2377 ίς
122 2332 162 2368 τοι
171 2306 259 2366 ἐποιτο
267 2304 428 2386 γεραίτερος,
438 2303 464 2371 ὅς
472 2307 497 2362 κ’
508 2303 588 2364 ἰθύνοι
748 2319 830 2366 Praeco
839 2317 925 2380 aliquis
935 2323 958 2367 te
967 2319 1094 2367 comitetur
1102 2318 1190 2377 senior,
1200 2313 1241 2380 qui
1250 2324 1317 2380 regat

89 2397 151 2464 ςκαλ
161 2393 266 2473 ἄμαξαν
276 2387 408 2473 ἐύτροχον,
417 2391 464 2463 ήδέ
474 2391 519 2450 καλ
529 2384 602 2459 αύτις
749 2404 826 2453 mulas
834 2409 859 2453 et
868 2405 966 2454 rhedam
976 2400 1119 2465 volubilem,
1129 2409 1202 2466 atque
1210 2402 1275 2453 'retro

89 2486 134 2563 ἷγοι
142 2481 219 2564 προτί
229 2480 308 2552 ἄστυ,
319 2479 363 2537 τὀν
374 2479 465 2538 ἔκτανε
475 2480 526 2545 δῖος
536 2476 677 2558 Ἀχιλλεύς.
748 2496 870 2539 ωοιευιιιιι
876 2496 982 2554 asportet
991 2491 1022 2540 ad
1031 2492 1124 2551 urbem,
1135 2505 1207 2553 quem
1222 2491 1340 2540 interiecit
1349 2491 1446 2540 divinus
1456 2492 1531 2540 Achil·

95 2596 135 2630 τοι
144 2569 253 2635 θάνατος
263 2564 365 2644 μελέτω
374 2565 449 2647 φρεσὶ
460 2564 526 2643 μηδέ
535 2589 560 2623 τι
570 2566 673 2647 τάρόος·
748 2576 801 2640 lea]
810 2583 893 2640 Neque
901 2580 998 2628 omnino
1009 2579 1051 2627 tibi
1060 2593 1125 2628 mors
1134 2579 1277 2627 obversetur
1285 2579 1379 2639 aninlo,
1389 2591 1434 2628 nec
1442 2582 1530 2628 terror:

89 2683 148 2742 ρτοι
157 2656 262 2735 πομπὸς
272 2654 318 2732 ἅμ’
329 2653 420 2734 ἕψεται
431 2653 625 2735 Ἀργειφόντης,
750 2665 803 2713 talis
811 2665 907 2714 enimtc
915 2664 1021 2713 dux-vire
1028 2664 1180 2713 comitabitur
1192 2664 1315 2726 Argicida,

89 2773 115 2820 a,
125 2746 183 2812 εἵως
192 2769 237 2804 κεν
246 2743 317 2821 ἄγων
326 2741 431 2820 Ἀχιλῆϊ
439 2741 571 2819 πελάσσῃ.
748 2752 789 2815 qui
799 2757 822 2801 te
831 2752 915 2812 ducet,
925 2751 1060 2815 usquedum
1069 2750 1178 2800 ducendo
1187 2752 1387 2813 prope-Achillem
1403 2753 1532 2802 constitue·

89 2835 134 2907 τήν
143 2833 273 2913 ἀγάγῃσιν
283 2829 335 2889 έσω
344 2827 446 2901 κλισίην
456 2829 588 2908 Ἀχιλῆος,
748 2840 796 2903 rit]
806 2845 835 2889 At
844 2844 972 2902 postquam
981 2839 1076 2888 duxerit
1086 2839 1148 2887 intra
1157 2839 1286 2887 tentorium
1295 2839 1407 2899 Achillis,

89 2921 219 2991 ὀςκτενέει
229 2918 281 2978 ἄπό
290 2920 313 2976 τ’
324 2916 417 2983 ἄλλους
426 2914 525 2984 πάντας
534 2915 625 2997 ἐρύξει.
748 2940 825 2989 neque
834 2926 885 2990 ipse
894 2926 937 2976 bic
946 2929 969 2975 te
978 2925 1115 2985 interficiet,
1125 2929 1150 2975 et
1158 2925 1218 2974 alios
1226 2939 1310 2975 onmes
1319 2926 1462 2988 prohibebit,

89 3013 106 3092 ἐρ
116 3012 168 3070 ἐστ’
180 3008 269 3090 ἄφρων
277 3004 330 3064 οὔτ’
341 3004 455 3069 ἄσκοπος
464 3001 516 3061 οὔτ’
527 3003 671 3081 ἀλιτήμων·
747 3017 830 3077 Neque
839 3014 903 3064 enim
911 3019 949 3064 est
957 3002 1110 3077 imprudens,
1119 3027 1164 3063 neo
1173 3013 1326 3073 temerarius,
1334 3027 1377 3063 nec
1386 3014 1487 3074 ιιοιιίυι,

89 3099 117 3158 θ’
128 3095 252 3162 ἐνδυκέως
261 3091 353 3152 ἱκέτεω
362 3089 536 3173 πεφιδήσεται
545 3091 644 3204 ἄνδράς.
748 3103 791 3152 sed
800 3115 884 3164 mugitu
892 3115 1012 3152 armoire
1020 3100 1120 3165 supplici
1129 3104 1210 3163 parcet
1218 3101 1277 3149 νίιο.

88 3191 109 3243 ἰν
119 3183 159 3276 ἄρ’
170 3184 205 3249 ώς
215 3181 313 3240 είποῦσ’
324 3179 410 3251 ἀπέόη
421 3179 502 3246 πόδας
511 3178 581 3237 ὠκέα
606 3183 665 3261 Ιρις.
779 3191 822 3241 tila
830 3190 928 3254 quidem
937 3191 972 3239 sic
980 3190 1060 3238 locuta
1069 3188 1141 3250 abiit,
1151 3188 1252 3251 pedibus
1263 3188 1332 3237 uelox
1342 3190 1394 3239 tris.

89 3272 114 3350 ’γ’
125 3275 182 3336 υίας
193 3267 296 3346 ἄμαξαν
305 3263 428 3348 ἐύτροχον
438 3266 572 3344 ἡμιονείην
749 3279 796 3328 sed
805 3279 827 3327 io
836 3278 898 3327 lilios
907 3277 1007 3327 rhedam
1016 3276 1146 3326 volubilem
1157 3277 1272 3325 mulinum

93 3358 202 3436 ἠνώγει,
210 3356 328 3437 πείρινθα
338 3353 365 3413 δέ
376 3357 454 3427 δῆσαι
464 3355 504 3413 ἐπ’
516 3356 604 3425 αὐτῆς.
748 3380 861 3429 apparare
866 3365 953 3427 iussit,
963 3378 1090 3427 meamque
1099 3364 1171 3425 ligare
1180 3377 1252 3426 super
1259 3364 1317 3426 ipsa

89 3450 92 3468 '
103 3451 129 3514 ἐς
139 3446 256 3521 θάλαμον
266 3441 429 3515 κατεθήσετο
438 3440 571 3514 κηώεντα,
749 3457 802 3516 lpse
811 3458 891 3503 autem
900 3453 925 3502 iu
933 3466 1023 3516 penum
1032 3451 1156 3501 deseendit
1165 3450 1305 3511 odoratum,

89 3563 100 3607 ι,
109 3532 247 3616 θφόροφον,
258 3530 391 3611 θςγλήνεα
400 3528 487 3588 πολλὰ
496 3529 625 3609 κεχάνδει·
748 3541 885 3602 cedrinum,
895 3540 1074 3598 tectoexcelso,
1084 3539 1126 3601 qui
1136 3539 1240 3600 pretiosa
1247 3537 1323 3586 multa
1330 3536 1480 3598 continebat;

89 3646 140 3702 ιχον
150 3619 270 3691 Ἐκᾶὅην
281 3618 442 3677 ἐκαλέσσατο
452 3615 569 3698 φώνησέν
577 3639 615 3674 τε·
750 3629 863 3690 introque
871 3641 972 3677 uxorem
982 3626 1105 3677 Hecubam
1114 3625 1226 3684 vocavit,
1236 3624 1346 3686 dixitque
1356 3639 1362 3672 :

90 3719 162 3790 ονίη,
172 3716 261 3778 Διόθεν
272 3738 316 3794 μοι
326 3714 473 3790 Ὀλύμπιος
482 3712 591 3791 ἄγγελος
600 3703 678 3783 ήλθεν
779 3716 865 3766 mtetix
871 3751 879 3776 ,
886 3718 973 3765 adore
982 3714 1041 3762 milti
1050 3713 1162 3774 Olympio
1172 3712 1255 3760 nuntia
1264 3711 1344 3772 venit,

89 3830 105 3865 ιι
114 3806 189 3888 φίλον
198 3804 263 3875 υἱὸν,
273 3801 334 3861 ἰόντ’
344 3802 388 3861 ἐπί
397 3807 460 3872 νῆας
472 3801 593 3878 Ἀχαιῶν,
749 3803 926 3853 rit-redimerem
936 3801 1050 3850 dilectum
1063 3799 1153 3858 tilium,
1171 3797 1291 3861 proiectus
1301 3796 1332 3845 ad
1340 3810 1415 3846 naves
1431 3797 1534 3848 Achivo-

90 3896 211 3975 Ἀχιλλῆϊ
221 3891 341 3974 φερέμεν,
350 3889 384 3948 τά
394 3915 423 3949 κε
434 3888 514 3966 θυμὸν
524 3887 592 3966 ἰήνῃ.
749 3891 826 3954 rnm,]
835 3891 944 3952 donaque
954 3888 1038 3938 Acltilli
1050 3888 1148 3947 terrem,
1157 3899 1212 3948 quae
1222 3885 1328 3934 animum
1337 3888 1361 3934 εί
1369 3885 1472 3947 placent

89 4007 102 4042 ε
112 4006 158 4061 μοι
166 3979 226 4039 τόδε
236 3977 292 4038 εἰπὲ
299 4024 307 4052 ,
315 3978 342 4036 τί
350 4001 391 4037 τοι
401 3977 489 4060 φρεσὶν
499 3976 596 4034 εἴδεται
605 3964 685 4047 εἷναι;
749 3979 796 4028 Sed
805 3992 849 4041 age
859 3979 921 4031 mibi
931 3977 978 4026 boo
987 3976 1040 4037 dic,
1050 3975 1109 4038 quid
1118 3974 1162 4024 tibi
1171 3972 1347 4036 mpraecordiia
1356 3972 1452 4022 videtur
1464 3977 1534 4023 esse?

89 4072 114 4152 ίρ
125 4070 152 4148 μ’
164 4066 242 4128 αὐτόν
251 4091 282 4146 γε
293 4065 367 4144 μένος
376 4066 421 4124 καί
431 4064 509 4141 θυμὸς
519 4063 613 4142 ἀνώγει
749 4066 819 4117 valde
827 4066 890 4116 enim
900 4079 939 4115 me
949 4066 1029 4128 ipsum
1038 4063 1136 4127 quidem
1143 4075 1211 4111 mens
1220 4065 1244 4110 ot
1253 4060 1420 4120 animuejubet

89 4182 118 4218 αι
129 4157 173 4217 ἐπὶ
182 4161 245 4228 νῆας
255 4154 306 4213 ἔσω
317 4153 427 4235 στρατὸν
437 4151 513 4234 εὐρὺν
524 4152 644 4230 Ἀχαιῶν.
749 4155 805 4204 illuc
812 4155 858 4215 ire,
867 4154 898 4203 ad
907 4167 981 4202 naves
990 4151 1155 4203 inexercitum
1164 4150 1239 4199 latum
1248 4148 1401 4198 Achivorum.

89 4248 155 4307 ιάτο·
166 4244 284 4304 κώκυσεν
294 4241 321 4300 δέ
333 4240 397 4321 γυνὴ
408 4240 453 4299 καλ
463 4238 586 4316 ἄμείθετο
596 4235 679 4317 μύθῳ·
780 4243 819 4293 Sic
827 4242 889 4291 dixit
899 4258 904 4290 :
916 4241 1016 4302 ululavit
1025 4245 1106 4289 autem
1115 4251 1185 4298 uxor,
1195 4242 1220 4287 et
1231 4236 1353 4299 respondit
1363 4235 1455 4285 verbis:

89 4339 114 4405 τῆ
125 4332 158 4403 δή
167 4356 207 4391 τοι
217 4331 305 4413 φρένες
314 4329 417 4409 οἴχονθ’,
428 4320 459 4399 ής
468 4325 498 4384 τὸ
506 4326 588 4405 πάρος
596 4349 647 4407 περ
750 4331 788 4381 liei
798 4331 870 4390 milii,
879 4343 927 4392 quo
933 4330 982 4390 jam
992 4328 1035 4376 tibi
1044 4327 1171 4390 prudentia
1179 4325 1252 4385 abiit,
1262 4337 1310 4387 qua
1319 4323 1419 4372 antehac
1428 4321 1524 4384 quidem

89 4423 95 4443 ’
106 4417 255 4500 ἀνθρώπως
266 4416 359 4485 ξείνους
367 4418 408 4486 ἠδ’
418 4393 484 4473 οἷσιν
493 4413 627 4485 ἀνάσσεις,
750 4418 902 4469 celebereraa
911 4431 953 4480 per
961 4416 1071 4466 homines
1079 4418 1175 4464 exteros
1184 4418 1209 4462 et
1218 4426 1258 4462 eos
1267 4411 1355 4474 quibus
1362 4410 1480 4472 imperas?

89 4515 138 4573 λεις
147 4505 190 4565 ἐπὶ
199 4510 262 4576 νῆας
272 4505 384 4584 Ἀχαιῶν
393 4503 500 4578 ἐλθέμεν
510 4491 574 4572 οἷος,
750 4511 879 4570 quo-paeto
887 4506 924 4555 vis
933 4504 1046 4554 adnaves
1054 4503 1201 4553 Aelurorum
1211 4500 1245 4550 ire
1255 4498 1335 4560 sotus,

90 4621 103 4662 ς
112 4592 274 4675 ὀφθαλμοὺς,
285 4591 311 4659 ὅς
319 4615 359 4650 τοι
367 4587 463 4655 πολέας
472 4612 500 4647 τε
510 4587 555 4646 καί
564 4585 668 4655 ἐσθλοὺς
751 4595 859 4644 viriante
867 4593 963 4653 oculos,
973 4593 1015 4655 qui
1025 4592 1069 4641 tibi
1079 4589 1216 4650 multosque
1224 4590 1250 4637 et
1259 4586 1333 4634 sortes

89 4681 193 4764 ινάριξε·
204 4678 333 4761 σιδήρειόν
342 4676 371 4737 νύ
380 4702 421 4737 τοι
430 4669 448 4749 ή
479 4700 502 4759 ρ.
751 4683 811 4732 lilios
821 4681 953 4732 interiecit?
962 4680 1064 4729 ferreum
1074 4681 1138 4726 certe
1148 4675 1192 4724 tibi
1201 4687 1242 4723 cor
1251 4675 1296 4722 est.

89 4773 109 4832 τ’
120 4768 223 4851 αἱρήσει
232 4768 278 4827 καὶ
287 4767 404 4848 ἐςόθεται
413 4766 584 4845 ὀφθαλμοῖσιν
751 4772 775 4821 si
784 4771 848 4822 enim
858 4775 882 4820 te
891 4767 1052 4832 deprehendet
1060 4770 1085 4814 et
1092 4763 1202 4826 inspiciet
1210 4760 1287 4810 oculis

91 4885 104 4926 ς
113 4857 159 4917 καὶ
169 4857 276 4923 ἄπιστος
284 4854 350 4936 ἀνὴρ
359 4853 417 4927 ite,
427 4851 456 4911 οὔ
466 4854 489 4913 α’
500 4851 614 4923 ἐλεήσει,
751 4860 852 4910 nudetis
861 4856 980 4909 etinsrdus
988 4855 1092 4912 viriste,
1101 4865 1150 4900 non
1160 4849 1194 4900 tui
1203 4847 1362 4909 miserebitur,

89 4946 109 5008 τ’
119 4944 259 5004 αἰδέσεται.
271 4947 327 5003 Νῦν
337 4940 364 5000 δέ
373 4939 506 5018 κλαίωμεν
516 4939 621 4997 ἄνευθεν
751 4961 828 5012 neque
837 4948 934 4997 omnino
943 4950 966 4994 te
975 4941 1130 4993 reverebitur.
1140 4942 1276 4990 tinnovero
1285 4935 1385 4986 fleamus
1394 4946 1501 4985 seorsum

89 5039 108 5094 ἰν
119 5031 234 5114 μεγάρῳ·
244 5035 283 5112 τῷ
292 5029 314 5088 δ’
323 5027 358 5097 ὥς
366 5034 427 5088 ποθι
437 5032 524 5109 Μοῖρα
534 5025 647 5109 κραταιὴ
752 5037 862 5088 sedentes
871 5035 896 5083 in
904 5032 998 5082 edibus
1007 5046 1014 5080 ι
1023 5030 1080 5079 boio
1088 5032 1170 5078 autem
1179 5026 1214 5076 sic
1222 5025 1281 5075 olim
1292 5024 1369 5074 tatum
1377 5022 1511 5073 violentum

89 5118 240 5204 νιρέπένησε
248 5115 434 5199 λίνῳ,ότιμιν
443 5114 517 5174 τέκον
527 5114 608 5186 αὐτὴ,
752 5121 932 5175 nascentioevit
940 5116 1111 5181 lino,quando
1120 5129 1175 5166 eum
1184 5114 1340 5179 peperiipso,

89 5216 127 5278 ίας
134 5207 215 5276 κύνας
223 5199 300 5280 door,
309 5211 358 5266 ίῶν
367 5204 495 5264 ἄπάνευθι
504 5203 615 5275 τοκήων,
751 5211 949 5277 celeres-pedibus
957 5219 1028 5259 moes
1036 5205 1179 5268 atsutiaret,
1188 5203 1238 5255 suis
1245 5215 1353 5254 seorsum
1361 5195 1532 5262 aparentibus,
