3570 5932
139 442 391 505 oulzzalnz
417 446 450 503 l.

89 569 168 630 καλὸν
178 569 252 630 ἑλών·
263 571 303 630 σοί
313 574 335 630 δ’
347 571 416 641 ἄξιον
427 571 501 632 έσται
511 571 630 650 ἀμοιόής.

92 659 132 741 ἄρ’
142 658 177 725 ὣς
186 658 285 717 είποῦσ’
295 659 381 731 ἀπέόη
392 662 543 737 γλαυκῶπις
553 659 656 732 Ἀθήνη,

89 749 213 810 [eironeia
225 745 355 805 διέπτατο·
365 751 402 828 τῷ
412 749 435 806 δ’
445 748 483 807 bt
492 751 566 828 θυμῷ

89 834 149 901 :xci
158 833 265 914 θάρσος,
276 833 425 912 ὑπέμνησέν
436 833 465 892 τέ
474 838 486 893 i
496 832 595 915 πατρός

950 442 1164 505 ouYssEAE
1189 447 1213 506 1.
1439 401 1492 513 tbi

696 572 699 597 ¹
716 571 789 620 etium
799 570 986 636 roldepulcmm
994 573 1497 639 cigensmibireroclgcumeritretrtbuu·

716 659 780 722 one]
810 659 849 708 Sic
858 658 956 722 quidem
966 660 1045 710 locuta
1054 661 1112 712 abiit
1121 664 1289 714 basiis-oculis
1297 666 1419 716 blinerra:

717 747 770 796 aris
778 752 859 796 autem
869 754 895 797 ut
905 753 1009 812 Ancpau
1016 750 1134 811 avolarit;
1145 751 1200 801 buic
1209 766 1266 802 vero
1276 754 1301 802 in
1310 755 1391 804 eninm

718 835 804 884 indidit
812 834 885 884 robur
893 841 918 885 et
926 835 1062 898 eododem,
1073 837 1241 902 recordacione
1250 854 1307 890 eum
1315 842 1373 891 iecit
1381 844 1456 906 patris

89 922 120 993 ’ἢ
133 922 162 981 τὸ
172 922 303 1003 πάροιθεν,
314 922 350 983 Ὁ
361 920 403 993 δὲ,
414 922 503 1004 ρρεσήν
513 914 559 1000 ᾖσι
568 920 677 993 νοήσας,
719 923 795 984 magis
803 923 1040 986 adhucquamuuieu
1051 926 1190 988 chaiilem,
1198 934 1327 979 mentetua
1334 930 1499 992 wasiticum,

95 1009 162 1068 κατὰ
174 1009 262 1085 θυμόν·
272 1008 364 1067 ὀίσατο
372 1008 423 1090 γάρ
435 1008 491 1068 θεόν
502 1000 577 1067 εἶναι.

89 1147 90 1151 ,
101 1102 253 1179 μνηστῆρας
261 1095 379 1178 ἐπῴχετο
390 1095 486 1162 ἰσόθεος
497 1094 557 1175 ρώς.

90 1185 96 1198 ’
107 1184 192 1250 ἀοιδὸς
203 1185 273 1242 ἄειδε
281 1184 447 1266 περικλυτὸς,
458 1186 481 1242 σθ
494 1182 522 1242 δέ
533 1187 621 1263 σιωπῇ

89 1295 165 1338 οντες·
176 1270 221 1329 ὁδ’
232 1271 343 1349 Ἀχαιῶν
352 1271 442 1329 νόστον
453 1271 536 1329 ἄειδεν

99 1363 129 1419 ἐκ
138 1359 234 1428 Τροίης
245 1356 396 1417 ἐπετείλατο
406 1357 516 1424 Παλλάς
526 1356 627 1429 Ἀθήνη.

89 1447 243 1529 θπερωῖόθεν
253 1446 327 1527 ρρεαθ
338 1445 445 1505 σύνθετο
454 1445 544 1505 θέσπιν
554 1444 644 1517 αόιδήν

92 1534 169 1615 picto,
178 1534 310 1616 περίρρουν
321 1533 497 1605 Πηνελόπεια·

91 1622 97 1640 ’
108 1621 211 1703 ὑψηλήν
220 1621 386 1693 κατεδήσατο
393 1614 431 1681 οίο
441 1621 543 1699 δόμοιο,

89 1733 124 1787 μα
133 1715 196 1790 τῇγε
207 1711 251 1768 καλ
263 1709 407 1791 ἀμρίπολσι
417 1708 454 1768 δύ’
467 1709 566 1769 ἕποντο.

89 1799 110 1868 ἰή
122 1802 273 1878 μνηστῆρας
283 1797 390 1879 ἀρίκετσ
400 1798 442 1855 δια
452 1801 592 1876 γυναικῶν,

91 1883 248 1965 ρλσταθμδν
261 1882 347 1964 τέγεος
359 1883 431 1943 πύκα
441 1894 575 1958 ποιητοῖο,

92 1971 155 2029 ιάων
166 1969 281 2051 σγαμένη
293 1971 394 2052 λιπαρά
403 1973 547 2052 κρήδεμνα·

89 2059 123 2122 ;δ’
134 2060 185 2140 άρκ
196 2063 219 2118 οἱ
229 2059 306 2131 κεδνή
318 2060 440 2143 ἑκάτερθε
449 2059 576 2142 παρέστη.

89 2171 108 2205 ἀ
119 2147 140 2205 δ’
151 2147 241 2206 ἔπειτα
249 2145 380 2230 προσηύδα
391 2154 457 2207 θεῖον
468 2147 563 2207 ἀοιδόν·

97 2234 183 2293 πολλά
193 2233 244 2314 γάρ
253 2235 321 2293 ἄλλα
332 2238 431 2314 βροτῶν
441 2235 580 2316 θελκτήρια
591 2224 676 2308 οἶδας,

89 2326 109 2379 ἰν
119 2345 147 2380 τε
157 2325 221 2380 θεῶν
230 2345 273 2392 τε,
282 2321 344 2379 τάτε
354 2321 483 2380 κλείουσιν
493 2321 583 2380 ἀοιδοί·

89 2432 142 2490 τριν
154 2410 223 2466 άειδε
233 2406 397 2490 παρήμενος,
408 2411 432 2466 οἱ
442 2406 469 2466 δὲ
480 2411 567 2489 σιωπῇ

89 2519 158 2553 ντων·
168 2494 265 2566 ταύτης
276 2495 297 2553 δ’
307 2493 437 2553 ἀποπαύε’
447 2496 538 2566 ἀοιδῆς

89 2607 111 2641 τε
121 2606 165 2660 μοι
175 2584 227 2642 criel
239 2583 275 2641 bi
286 2583 408 2653 στήθεσσι
418 2581 492 2665 ριλον
506 2587 556 2663 κῆρ

92 2671 101 2729 ί
110 2695 144 2748 με
154 2672 270 2748 μάλιστα
279 2670 400 2730 καθίκετο
410 2669 500 2738 πένθος
510 2672 634 2730 ἄλαστον.

89 2797 90 2805 1
100 2758 216 2839 κεραλήν
226 2756 326 2829 ποθέω,
337 2757 492 2836 μεμνημένη
502 2759 554 2817 αἰεὶ

89 2843 240 2926 ῐκλέοςεύρθ
249 2845 306 2903 καθ’
313 2845 483 2906 Ἱίλλάδακαλ
489 2846 568 2924 μέσον
574 2845 673 2930 Ἄργος.

89 2923 120 2989 αύ
130 2937 155 2992 Τ
156 2931 262 3011 ηλίμαχ
263 2956 289 2998 ος
297 2932 458 3010 πεπνυμένος
467 2934 553 2992 ἀντίον
562 2933 638 3006 ηὔδα·

97 3019 139 3090 ,τί
150 3020 172 3077 τ’
184 3020 235 3102 άρα
246 3019 359 3102 ρθσνέεις
368 3020 469 3103 έρίηρσν
481 3022 566 3080 ἀοιδὸν

89 3130 139 3185 τπη
149 3109 172 3164 οἱ
183 3105 238 3173 νόος
247 3106 366 3188 όρνυται;
377 3106 405 3166 ού
415 3106 445 3165 νύ
454 3108 477 3165 τ’
488 3109 570 3169 ἀοιδοί

89 3194 115 3252 ιά
124 3201 183 3254 ποθι
195 3194 260 3263 Ζεὺς
269 3195 350 3263 αίτιος
360 3194 420 3255 ὅστε
431 3196 535 3255 δίδωσιν

89 3285 251 3365 ίλρηστῇσιν,
262 3282 332 3353 ὅπως
342 3284 467 3365 ίθέλησιν,
478 3285 589 3369 ἑκάστῳ.

89 3375 109 3431 νύ
120 3372 234 3450 νέμεσις,
244 3378 354 3433 Δαναῶν
363 3375 444 3433 κακὸν
453 3366 521 3433 οἶτον
531 3376 634 3434 ἀείδειν·

89 3460 153 3532 νιδήν
164 3463 265 3538 μᾶλλον
275 3461 431 3521 έπικλείουσ’
442 3463 572 3544 ἄνθρωποι
578 3509 586 3536 ,

89 3548 177 3608 ἷντεααι
187 3550 304 3623 νεωτάτη
315 3551 506 3633 ἀμριπέληται.

89 3637 205 3715 τολμάτω
214 3638 309 3721 κραδίη
319 3639 363 3697 καὶ
374 3639 453 3716 θυμὸς
463 3635 575 3698 ἀκούειν·

89 3723 185 3790 ῖυσσεθς
195 3716 245 3792 οἷος
256 3724 376 3784 ἀπώλεσε
387 3726 508 3803 νόστιμον
517 3718 590 3809 ήμαρ

91 3814 183 3871 πολλοὶ
194 3812 220 3871 δέ
231 3813 276 3871 καλ
286 3813 361 3873 ἄλλοι
373 3817 455 3894 ρῶτες
464 3813 561 3874 όλοντο.

89 3890 139 3957 ίκον
149 3902 223 3959 ἰοῦσα
234 3899 268 3958 τδι
278 3901 301 3959 α’
312 3904 392 3972 αὐτῆς
404 3900 467 3982 ἔργα
477 3900 580 3979 κόμιζε,

89 3987 198 4060 ιακάτην
207 4011 250 4058 τε,
259 3989 304 4046 καλ
315 3987 485 4069 ἀμριπολοισι
495 3988 584 4050 κελευε

89 4080 188 4153 γεσθαι·
200 4080 277 4152 μῦθος
287 4075 309 4133 δ’
319 4076 438 4159 ἄνδρεσσι
449 4077 558 4153 μελήσει

89 4185 151 4219 ,ιστα
164 4163 186 4219 δ’
196 4162 263 4239 ἐμοί·
274 4168 319 4221 τοῦ
330 4161 364 4241 γθι
390 4161 483 4244 κράτος
493 4162 545 4223 ἔστ’
556 4165 593 4224 bi
601 4166 673 4249 οἴκῳ.

89 4249 248 4326 θαμόήσααα
258 4249 338 4308 πάλιν
348 4186 446 4308 οέκόνδε
458 4249 574 4330 βεθήκει·

89 4358 97 4393 ν
108 4341 187 4412 μῦθον
196 4336 359 4414 πεπνυμένον
370 4335 455 4396 ἔνθετο
466 4341 549 4419 θυμῷ.

89 4427 133 4506 ρῷ’
145 4424 265 4483 incisos
275 4424 322 4483 σὺν
332 4425 503 4507 ἀμριιτολσισι
512 4425 635 4505 γυναιξὶν,

88 4515 127 4569 ιιτ’
139 4513 271 4584 Ὠδυσήα,
281 4513 355 4595 ρίλον
365 4513 450 4586 πόσιν,
460 4513 526 4595 όρρα
536 4518 560 4572 οἱ
572 4513 651 4575 ὕπνον

89 4599 226 4681 ,λεράροισι
238 4600 302 4680 βάλε
312 4603 463 4679 γλαυκῶπις
471 4600 572 4673 Ἀθήνη.

89 4692 142 4768 ήρες
154 4688 176 4744 δ’
186 4687 324 4765 ὁμάδησαν
334 4687 384 4746 α’νθι
395 4687 497 4770 μέγαρα
508 4687 636 4747 σκιόεντα·

89 4774 215 4855 ἠρήσαντο
224 4773 307 4856 παραὶ
315 4774 435 4854 λεχέεσσι
444 4777 571 4847 κλιθῆναι.

89 4861 233 4942 Γηλέμαχσς
241 4863 402 4940 πεπνυμένος
411 4863 508 4944 ἤρχετο
520 4861 617 4940 μύθων·

89 4954 167 5028 ςέμῆς
176 4956 334 5034 μνηστῆρες,
343 4950 465 5032 θπέρθιον
476 4950 550 5033 ύόριν
560 4949 676 5031 έχονεες,

89 5036 207 5114 τινύμεναι
215 5037 384 5122 τερπώμεθα,
395 5037 461 5117 μηδέ
473 5037 565 5118 βοητὺς

89 5123 161 5205 ,τάγε
170 5126 251 5184 καλὸν
260 5125 387 5203 ἀκουέμεν
397 5126 466 5186 ἐστὶν
476 5128 564 5185 ἀοιδοῦ

89 5235 114 5278 ος
122 5210 161 5272 ὅδ’
171 5211 240 5288 leci,
250 5219 315 5282 θεοῖς
325 5213 469 5293 έναλίγκιος
478 5213 569 5285 αὐδήν.

717 1010 841 1073 obstupuit
850 1010 874 1060 ln
883 1012 977 1073 animm
988 1013 1171 1075 suspicatus-est
1179 1016 1244 1065 enim
1253 1016 1326 1068 deum
1335 1031 1397 1068 esse.

718 1099 838 1148 Continuo
847 1111 904 1149 sero
913 1112 998 1163 procos
1007 1101 1088 1150 adibat
1097 1101 1240 1153 deo-similis
1250 1104 1294 1153 vir.

750 1185 800 1235 illis
808 1191 889 1236 autem
898 1192 981 1237 cantor
989 1187 1100 1238 mutabat
1109 1189 1213 1252 inclytus
1223 1206 1230 1240 :
1241 1191 1287 1254 ipsi
1296 1204 1354 1243 rem
1363 1194 1435 1244 tacite

719 1274 834 1325 sedebant
842 1274 981 1336 audientem
991 1276 1032 1326 ille
1040 1283 1121 1327 autem
1131 1257 1276 1329 Achiuorum
1286 1280 1391 1331 reditum
1400 1283 1501 1333 canebat

719 1375 830 1424 parem,
840 1376 912 1426 quem
922 1377 951 1414 es
962 1363 1033 1424 ijo
1043 1367 1077 1414 iis
1086 1364 1225 1416 decreverat
1235 1367 1313 1418 Pallas
1322 1369 1437 1419 Minerva.

751 1449 1315 1516 Hmnsuutemesuperiorepartedomuseuimo
1324 1455 1427 1507 advertit
1437 1457 1500 1507 ‹liri-

720 1551 778 1588 nnm
787 1537 892 1602 cantum]
902 1538 950 1588 iiiia
960 1540 1040 1599 learii,
1049 1539 1154 1603 prudens
1165 1541 1282 1605 Penelope
1292 1558 1299 1591 z

720 1626 856 1688 scalamque
864 1626 938 1675 altam
948 1626 1070 1678 descendit
1080 1640 1132 1677 suas
1141 1628 1242 1691 demus,

720 1727 768 1762 non
777 1714 840 1775 sola,
849 1713 921 1763 simul
930 1727 982 1763 eam
992 1718 1016 1765 et
1024 1715 1118 1765 ancillae
1127 1715 1183 1766 duas
1192 1716 1361 1782 sequebantur.

722 1805 778 1851 ileec
793 1815 849 1851 vero
862 1801 960 1864 quondo
973 1803 1022 1864 iam
1032 1803 1158 1866 rud-procis
1167 1809 1323 1867 pervenerat,
1340 1805 1422 1856 divina
1439 1806 1502 1857 inter

720 1889 840 1952 mulieres]
849 1891 917 1940 stetit
923 1889 993 1951 justa
1002 1895 1094 1953 postem
1103 1890 1190 1941 domus
1199 1891 1288 1942 ailulne
1297 1897 1408 1958 structis,

721 1977 795 2027 Geuis
804 1977 956 2039 protendens
965 1979 1047 2027 tenuia
1056 1978 1290 2041 capitisredimicula
1300 1994 1307 2028 ε

720 2064 804 2113 arrobla
816 2078 873 2113 nero
882 2065 904 2114 ei
914 2065 988 2128 proba
998 2066 1110 2128 utrinque
1119 2067 1221 2115 astabat.

720 2151 857 2201 Lacrimans
866 2158 946 2201 autem
956 2152 1043 2204 deinde
1052 2153 1217 2216 alloquebatur
1225 2153 1335 2204 divinum
1344 2161 1467 2208 restorem
1478 2173 1485 2206 ι

750 2239 863 2299 Pbemie,
872 2242 949 2290 mulla
958 2241 1021 2290 enim
1030 2241 1078 2289 alia
1087 2241 1223 2290 mortalium
1233 2242 1407 2294 oblectamenta
1415 2245 1493 2307 nosti,

719 2331 785 2387 gesta
792 2327 965 2390 irominumque
974 2329 1137 2392 deorumque,
1147 2342 1202 2392 quae
1212 2330 1333 2381 celebrant
1342 2336 1452 2384 canoro
1463 2348 1470 2382 :

719 2414 805 2463 borum
816 2429 891 2464 urium
902 2416 960 2478 ipsis
970 2429 1029 2465 cane
1038 2416 1147 2466 assidens
1154 2433 1160 2477 ς
1168 2414 1205 2465 'ilii
1214 2422 1295 2467 autem
1305 2418 1400 2468 silentio
1430 2453 1437 2475 r

720 2501 802 2551 vinum
812 2502 895 2551 bibant
906 2518 912 2550 ι
922 2503 1077 2553 obiicerem
1087 2503 1169 2554 desine
1179 2511 1249 2554 cantu

720 2589 796 2649 tristi,
810 2590 851 2652 qui
862 2590 920 2638 mibi
929 2595 1045 2653 perpetuo
1054 2591 1081 2639 in
1091 2591 1228 2654 pectoribus
1237 2604 1319 2641 carum
1328 2606 1370 2642 οοτ

718 2676 812 2737 alligit:
820 2677 909 2740 quippe
917 2691 956 2727 ms
965 2677 1074 2740 inprimis
1083 2679 1171 2727 invusit
1180 2680 1259 2729 luctus
1268 2680 1408 2731 immensus

719 2765 777 2814 'lule
788 2765 852 2815 enim
862 2771 937 2829 mput
945 2766 1069 2826 desidero,
1080 2780 1172 2816 memor
1180 2781 1275 2831 semper

720 2852 778 2914 viri,
788 2853 855 2914 cnjus
863 2853 937 2916 perio
946 2855 994 2903 iata
1003 2857 1040 2903 est
1048 2868 1091 2918 per
1099 2854 1223 2905 Helladem
1233 2861 1257 2905 et
1268 2855 1375 2905 medium
1386 2861 1468 2920 Argos.

731 2941 737 2954 '
749 2945 816 2993 lianc
825 2947 905 2992 eutem
910 2956 993 2992 rursus
998 2943 1156 2993 Telemecbus
1165 2943 1270 3006 prudens
1279 2949 1362 2994 contra
1372 2945 1501 2997 allocutus·

718 3030 928 3094 est:]matermea,
938 3030 1258 3093 quidigiturmolestelers,
1273 3032 1407 3093 iucundum
1424 3040 1503 3084 cento

718 3117 1352 3182 rem]obtectore,utconquet1bmensimpelliturrooc
1359 3126 1500 3172 senecauto

718 3205 766 3270 res]
772 3207 879 3256 incensa
887 3209 962 3262 runt,
974 3206 1017 3256 sed
1027 3206 1077 3257 iere
1085 3207 1179 3269 Jupiter
1189 3206 1213 3255 in
1223 3210 1347 3267 causaest,
1353 3207 1393 3270 qui
1399 3207 1440 3258 dat

720 3293 788 3343 donc
799 3294 856 3343 viris
866 3294 992 3356 ingeniosis
1003 3298 1055 3350 iic,
1067 3299 1095 3344 ut
1104 3295 1169 3356 vult,
1180 3296 1314 3358 unicuique.

718 3384 780 3434 iiuic
789 3396 846 3433 uero
855 3396 903 3432 non
912 3383 1064 3445 reprehensio
1074 3386 1112 3432 est
1121 3387 1257 3434 vannorum
1267 3383 1353 3433 malum
1364 3388 1453 3435 sortem
1462 3397 1499 3435 ca·

717 3485 774 3523 nere
780 3471 797 3535 z]
807 3485 863 3522 eum
872 3471 936 3520 enim
945 3476 1043 3521 cantum
1052 3472 1126 3533 magis
1136 3471 1258 3521 celebrant
1267 3472 1392 3534 homiues,

717 3561 854 3624 quicunque
863 3559 1011 3608 auditoribus
1021 3559 1167 3608 nouissimus
1175 3559 1246 3609 adsit.

717 3648 771 3698 Tibi
782 3661 839 3699 rem
846 3647 964 3696 sustineat
974 3661 1016 3695 cor
1024 3653 1049 3696 et
1058 3647 1153 3696 animus
1161 3646 1259 3708 audire;

718 3737 837 3786 nonenim
847 3733 947 3797 Ulysses
956 3734 1021 3783 solus
1030 3733 1134 3796 perdidit
1143 3733 1235 3783 reditus
1244 3734 1308 3785 diem

717 3825 742 3874 in
751 3824 822 3886 TmJ'a
832 3839 838 3872 ε
849 3821 920 3872 multi
931 3835 988 3871 uero
996 3826 1021 3871 et
1029 3821 1069 3871 alii
1079 3821 1126 3871 riri
1135 3822 1266 3886 perierunt.

718 3913 797 3963 sedin
807 3911 939 3962 thalamum
949 3910 1066 3974 prolecta,
1076 3910 1202 3972 tuiipsius
1210 3923 1283 3973 opera
1290 3908 1444 3971 administra,

719 4001 836 4064 telamque
845 4005 870 4050 et
878 3999 971 4059 colum,
981 4002 1006 4048 et
1015 3997 1109 4048 ancillis
1118 3997 1209 4062 impera

717 4103 778 4151 opus
786 4101 864 4138 sirum
873 4087 997 4138 ut-obeant
1007 4101 1014 4136 :
1024 4099 1103 4137 sermo
1112 4098 1170 4136 rem
1182 4085 1240 4135 viris
1249 4085 1370 4135 curm-erit

717 4175 838 4235 omnibus,
848 4175 952 4225 maxime
961 4187 1018 4223 vero
1026 4172 1095 4233 mibi;
1106 4171 1323 4236 buiusimei)enim
1330 4170 1456 4234 imperium
1461 4176 1499 4221 est

718 4263 841 4328 indomm]
872 4261 1240 4325 lilaquidemettonita,rursus
1249 4258 1483 4320 inthalamumirit3

718 4352 761 4401 lilii
769 4353 833 4402 enim
842 4351 936 4401 (lictum
946 4350 1052 4413 prudens
1061 4349 1177 4415 posuit-in
1186 4349 1274 4399 aniruo.

719 4440 754 4491 Ad
764 4440 910 4504 superiorem
923 4444 1004 4489 eutem
1018 4438 1119 4488 domum
1133 4435 1325 4488 nbi-escenderat
1338 4447 1394 4484 cum
1408 4433 1500 4485 ancillis

720 4521 1501 4605 mulieribus‚]iiebatrieindeUiyssem‚commman'tumdonscip·

719 4616 740 4666 si
745 4614 864 4679 somnum]
873 4615 968 4664 dulcem
977 4613 1096 4678 palpebris
1105 4612 1205 4662 immisit
1213 4609 1501 4661 carsiisceuilsllinerrs.

751 4704 817 4754 Proci
828 4717 883 4754 sem
892 4701 1099 4753 tumultuabantur
1107 4713 1149 4763 per
1159 4699 1225 4749 eries
1234 4698 1375 4759 umbrosam

719 4806 803 4843 omma
811 4796 891 4843 autem
900 4789 1089 4854 optabantjunla
1098 4801 1155 4838 eom
1164 4787 1269 4837 iniectis
1278 4786 1428 4837 recrrmbere.

719 4881 769 4932 illis
778 4894 835 4930 vero
844 4879 1002 4930 Telemachus
1011 4876 1117 4941 prudeus
1126 4875 1214 4939 incepit
1222 4888 1375 4935 semaonem;

750 4967 833 5018 Matris
842 4979 903 5016 meze
911 4965 990 5029 proci,
999 4964 1102 5028 superba
1111 4963 1257 5014 contumelia
1267 4962 1392 5024 instructi,

719 5069 782 5105 nnnc
790 5053 888 5118 quidem
896 5053 1053 5103 convivantes
1061 5051 1217 5113 delectemur,
1227 5064 1305 5115 neque
1314 5051 1403 5100 elamor

718 5143 781 5193 oclsb
791 5158 797 5192 :
808 5155 864 5192 nam
873 5141 919 5191 boc
928 5141 1056 5191 honestum
1065 5144 1117 5202 est,
1126 5138 1210 5191 audire
1218 5144 1339 5190 cantorem

718 5229 890 5295 memoralis
899 5229 939 5280 bic
947 5228 1058 5291 est,diis
1067 5227 1183 5280 assimilis
1191 5241 1259 5279 rore.
1484 5227 1494 5255 ¹
